day;timestamp;product;bid_price_1;bid_volume_1;bid_price_2;bid_volume_2;bid_price_3;bid_volume_3;ask_price_1;ask_volume_1;ask_price_2;ask_volume_2;ask_price_3;ask_volume_3;mid_price;profit_and_loss
-1;0;RAINFOREST_RESIN;10002;1;9996;2;9995;29;10004;2;10005;29;;;10003.0;0.0
-1;0;KELP;2028;1;2026;2;2025;29;2029;31;;;;;2028.5;0.0
-1;100;KELP;2025;24;;;;;2028;2;2029;22;;;2026.5;0.0
-1;100;RAINFOREST_RESIN;9996;2;9995;22;;;10004;2;10005;22;;;10000.0;0.0
-1;200;RAINFOREST_RESIN;9995;20;;;;;10005;20;;;;;10000.0;0.0
-1;200;KELP;2025;22;;;;;2028;20;;;;;2026.5;0.0
-1;300;KELP;2025;31;;;;;2028;2;2029;29;;;2026.5;0.0
-1;300;RAINFOREST_RESIN;9996;2;9995;29;;;10004;2;10005;29;;;10000.0;0.0
-1;400;RAINFOREST_RESIN;9996;2;9995;25;;;10004;2;10005;25;;;10000.0;0.0
-1;400;KELP;2025;27;;;;;2028;27;;;;;2026.5;0.0
-1;500;KELP;2025;30;;;;;2028;30;;;;;2026.5;0.0
-1;500;RAINFOREST_RESIN;9995;30;;;;;10002;4;10005;30;;;9998.5;0.0
-1;600;RAINFOREST_RESIN;10000;5;9995;25;;;10005;25;;;;;10002.5;0.0
-1;600;KELP;2026;5;2025;31;;;2028;25;;;;;2027.0;0.0
-1;700;KELP;2025;2;2024;23;;;2028;23;;;;;2026.5;0.0
-1;700;RAINFOREST_RESIN;9995;23;;;;;10005;23;;;;;10000.0;0.0
-1;800;RAINFOREST_RESIN;9996;1;9995;29;;;10004;1;10005;29;;;10000.0;0.0
-1;800;KELP;2024;1;2023;29;;;2027;30;;;;;2025.5;0.0
-1;900;KELP;2024;23;;;;;2027;23;;;;;2025.5;0.0
-1;900;RAINFOREST_RESIN;9996;1;9995;22;;;10004;1;10005;22;;;10000.0;0.0
-1;1000;RAINFOREST_RESIN;9995;26;;;;;10005;26;;;;;10000.0;0.0
-1;1000;KELP;2024;26;;;;;2026;6;2027;26;;;2025.0;0.0
-1;1100;KELP;2025;6;2024;26;;;2027;2;2028;24;;;2026.0;0.0
-1;1100;RAINFOREST_RESIN;9996;2;9995;24;;;10004;2;10005;24;;;10000.0;0.0
-1;1200;RAINFOREST_RESIN;9995;21;;;;;9998;1;10005;21;;;9996.5;0.0
-1;1200;KELP;2024;21;;;;;2026;8;2028;21;;;2025.0;0.0
-1;1300;KELP;2024;31;;;;;2028;31;;;;;2026.0;0.0
-1;1300;RAINFOREST_RESIN;10002;1;9996;1;9995;30;10004;1;10005;30;;;10003.0;2.0
-1;1400;RAINFOREST_RESIN;9996;1;9995;25;;;10004;1;10005;25;;;10000.0;4.0
-1;1400;KELP;2025;3;2024;25;;;2028;26;;;;;2026.5;0.0
-1;1500;KELP;2024;27;;;;;2028;27;;;;;2026.0;0.0
-1;1500;RAINFOREST_RESIN;9995;27;;;;;10005;27;;;;;10000.0;4.0
-1;1600;RAINFOREST_RESIN;9995;29;;;;;10005;29;;;;;10000.0;4.0
-1;1600;KELP;2024;29;;;;;2026;4;2028;29;;;2025.0;0.0
-1;1700;KELP;2024;22;;;;;2026;8;2028;22;;;2025.0;0.0
-1;1700;RAINFOREST_RESIN;9996;2;9995;20;;;10002;1;10004;2;10005;20;9999.0;4.0
-1;1800;RAINFOREST_RESIN;10002;1;9996;1;9995;22;10004;1;10005;22;;;10003.0;4.0
-1;1800;KELP;2024;23;;;;;2028;23;;;;;2026.0;0.0
-1;1900;KELP;2024;29;;;;;2026;5;2027;29;;;2025.0;0.0
-1;1900;RAINFOREST_RESIN;9996;1;9995;28;;;10004;1;10005;28;;;10000.0;6.0
-1;2000;KELP;2024;26;;;;;2027;26;;;;;2025.5;0.0
-1;2000;RAINFOREST_RESIN;9996;2;9995;24;;;9998;1;10004;2;10005;24;9997.0;6.0
-1;2100;RAINFOREST_RESIN;9996;2;9995;25;;;10002;3;10004;2;10005;25;9999.0;8.0
-1;2100;KELP;2024;27;;;;;2027;2;2028;25;;;2025.5;0.0
-1;2200;RAINFOREST_RESIN;9998;8;9996;1;9995;24;10004;1;10005;24;;;10001.0;8.0
-1;2200;KELP;2024;25;;;;;2026;7;2027;1;2028;24;2025.0;0.0
-1;2300;KELP;2024;32;;;;;2028;32;;;;;2026.0;0.0
-1;2300;RAINFOREST_RESIN;9998;7;9996;2;9995;30;10004;2;10005;30;;;10001.0;8.0
-1;2400;KELP;2024;29;;;;;2025;1;2028;29;;;2024.5;0.0
-1;2400;RAINFOREST_RESIN;9995;29;;;;;10005;29;;;;;10000.0;8.0
-1;2500;RAINFOREST_RESIN;9996;1;9995;22;;;10004;1;10005;22;;;10000.0;8.0
-1;2500;KELP;2025;2;2024;23;;;2027;1;2028;22;;;2026.0;0.875244140625
-1;2600;RAINFOREST_RESIN;9995;23;;;;;10005;23;;;;;10000.0;8.0
-1;2600;KELP;2025;3;2024;23;;;2028;23;;;;;2026.5;0.8779296875
-1;2700;KELP;2024;26;;;;;2027;26;;;;;2025.5;0.747802734375
-1;2700;RAINFOREST_RESIN;9998;6;9995;26;;;10005;26;;;;;10001.5;8.0
-1;2800;KELP;2023;25;;;;;2027;25;;;;;2025.0;0.1107177734375
-1;2800;RAINFOREST_RESIN;9995;25;;;;;10005;25;;;;;10000.0;8.0
-1;2900;RAINFOREST_RESIN;9996;1;9995;25;;;10004;1;10005;25;;;10000.0;8.0
-1;2900;KELP;2023;26;;;;;2027;26;;;;;2025.0;-0.010986328125
-1;3000;RAINFOREST_RESIN;9998;1;9995;26;;;10005;26;;;;;10001.5;8.0
-1;3000;KELP;2024;29;;;;;2027;26;;;;;2025.5;0.318115234375
-1;3100;KELP;2023;26;;;;;2025;5;2026;26;;;2024.0;-0.6734619140625
-1;3100;RAINFOREST_RESIN;9996;2;9995;24;;;10004;2;10005;24;;;10000.0;8.0
-1;3200;KELP;2023;23;;;;;2025;3;2026;23;;;2024.0;-0.4967041015625
-1;3200;RAINFOREST_RESIN;9996;1;9995;22;;;10004;1;10005;22;;;10000.0;8.0
-1;3300;RAINFOREST_RESIN;9996;2;9995;30;;;10004;2;10005;30;;;10000.0;8.0
-1;3300;KELP;2023;32;;;;;2025;2;2026;32;;;2024.0;-0.3560791015625
-1;3400;RAINFOREST_RESIN;9996;2;9995;24;;;10004;2;10005;24;;;10000.0;8.0
-1;3400;KELP;2023;26;;;;;2026;26;;;;;2024.5;-0.383544921875
-1;3500;KELP;2023;26;;;;;2026;26;;;;;2024.5;-0.366943359375
-1;3500;RAINFOREST_RESIN;9995;26;;;;;10005;26;;;;;10000.0;8.0
-1;3600;KELP;2023;21;;;;;2026;21;;;;;2024.5;-0.3702392578125
-1;3600;RAINFOREST_RESIN;9995;21;;;;;9998;4;10005;21;;;9996.5;8.0
-1;3700;RAINFOREST_RESIN;10002;1;9996;1;9995;23;10004;1;10005;23;;;10003.0;16.0
-1;3700;KELP;2023;27;;;;;2026;24;;;;;2024.5;-0.6722412109375
-1;3800;RAINFOREST_RESIN;9996;2;9995;23;;;10002;10;10004;2;10005;23;9999.0;18.0
-1;3800;KELP;2023;25;;;;;2026;25;;;;;2024.5;-0.6824951171875
-1;3900;KELP;2023;28;;;;;2026;26;;;;;2024.5;-0.5958251953125
-1;3900;RAINFOREST_RESIN;9998;1;9996;1;9995;25;10004;1;10005;25;;;10001.0;18.0
-1;4000;KELP;2023;32;;;;;2026;32;;;;;2024.5;-0.400146484375
-1;4000;RAINFOREST_RESIN;9996;2;9995;30;;;10004;2;10005;30;;;10000.0;18.0
-1;4100;RAINFOREST_RESIN;9996;2;9995;27;;;10004;2;10005;27;;;10000.0;18.0
-1;4100;KELP;2023;29;;;;;2027;29;;;;;2025.0;-0.0284423828125
-1;4200;RAINFOREST_RESIN;9996;2;9995;24;;;10002;4;10004;2;10005;24;9999.0;18.0
-1;4200;KELP;2023;26;;;;;2027;26;;;;;2025.0;-0.0435791015625
-1;4300;KELP;2023;29;;;;;2024;5;2026;22;;;2023.5;-0.425048828125
-1;4300;RAINFOREST_RESIN;9995;22;;;;;9998;1;10000;6;10005;22;9996.5;18.0
-1;4400;KELP;2023;30;;;;;2026;30;;;;;2024.5;2.7626953125
-1;4400;RAINFOREST_RESIN;9995;30;;;;;10005;30;;;;;10000.0;20.0
-1;4500;RAINFOREST_RESIN;9996;1;9995;28;;;10002;10;10004;1;10005;28;9999.0;20.0
-1;4500;KELP;2023;28;;;;;2026;29;;;;;2024.5;2.20703125
-1;4600;RAINFOREST_RESIN;9996;1;9995;29;;;10002;10;10004;1;10005;29;9999.0;20.0
-1;4600;KELP;2023;30;;;;;2026;30;;;;;2024.5;2.341796875
-1;4700;KELP;2023;25;;;;;2025;3;2026;32;;;2024.0;3.498046875
-1;4700;RAINFOREST_RESIN;9996;2;9995;30;;;10004;2;10005;30;;;10000.0;20.0
-1;4800;KELP;2023;24;;;;;2027;24;;;;;2025.0;4.7900390625
-1;4800;RAINFOREST_RESIN;9998;6;9996;2;9995;22;10004;2;10005;22;;;10001.0;20.0
-1;4900;RAINFOREST_RESIN;9995;22;;;;;10002;7;10005;22;;;9998.5;20.0
-1;4900;KELP;2023;22;;;;;2027;22;;;;;2025.0;5.1611328125
-1;5000;RAINFOREST_RESIN;9998;3;9996;2;9995;28;10004;2;10005;28;;;10001.0;20.0
-1;5000;KELP;2023;30;;;;;2026;30;;;;;2024.5;2.62109375
-1;5100;KELP;2023;37;;;;;2026;31;;;;;2024.5;2.7509765625
-1;5100;RAINFOREST_RESIN;9996;1;9995;30;;;10004;1;10005;30;;;10000.0;20.0
-1;5200;KELP;2023;35;;;;;2026;27;;;;;2024.5;2.55859375
-1;5200;RAINFOREST_RESIN;9998;9;9996;1;9995;26;10004;1;10005;26;;;10001.0;20.0
-1;5300;RAINFOREST_RESIN;9996;1;9995;20;;;10004;1;10005;20;;;10000.0;20.0
-1;5300;KELP;2025;1;2023;21;;;2026;21;;;;;2025.5;2.8095703125
-1;5400;RAINFOREST_RESIN;9995;21;;;;;10005;21;;;;;10000.0;20.0
-1;5400;KELP;2023;21;;;;;2025;6;2027;21;;;2024.0;4.90625
-1;5500;KELP;2023;27;;;;;2027;27;;;;;2025.0;5.470703125
-1;5500;RAINFOREST_RESIN;9995;27;;;;;10005;27;;;;;10000.0;20.0
-1;5600;KELP;2025;2;2023;28;;;2027;28;;;;;2026.0;5.7119140625
-1;5600;RAINFOREST_RESIN;9995;28;;;;;10005;28;;;;;10000.0;20.0
-1;5700;RAINFOREST_RESIN;9998;2;9995;27;;;10005;27;;;;;10001.5;20.0
-1;5700;KELP;2024;26;;;;;2027;27;;;;;2025.5;6.16015625
-1;5800;RAINFOREST_RESIN;9996;1;9995;30;;;10004;1;10005;30;;;10000.0;20.0
-1;5800;KELP;2024;31;;;;;2027;31;;;;;2025.5;7.83203125
-1;5900;KELP;2024;35;;;;;2027;30;;;;;2025.5;7.4375
-1;5900;RAINFOREST_RESIN;9996;2;9995;28;;;10004;2;10005;28;;;10000.0;20.0
-1;6000;KELP;2024;30;;;;;2027;30;;;;;2025.5;7.1943359375
-1;6000;RAINFOREST_RESIN;9995;30;;;;;10005;30;;;;;10000.0;20.0
-1;6100;RAINFOREST_RESIN;9996;1;9995;24;;;10004;1;10005;24;;;10000.0;20.0
-1;6100;KELP;2024;24;;;;;2027;25;;;;;2025.5;7.197265625
-1;6200;RAINFOREST_RESIN;9996;1;9995;21;;;10004;1;10005;21;;;10000.0;20.0
-1;6200;KELP;2024;22;;;;;2027;22;;;;;2025.5;7.4619140625
-1;6300;KELP;2024;30;;;;;2027;25;;;;;2025.5;8.580078125
-1;6300;RAINFOREST_RESIN;9996;2;9995;23;;;10004;2;10005;23;;;10000.0;20.0
-1;6400;KELP;2024;25;;;;;2027;25;;;;;2025.5;8.470703125
-1;6400;RAINFOREST_RESIN;9996;1;9995;24;;;10004;1;10005;24;;;10000.0;20.0
-1;6500;RAINFOREST_RESIN;9996;1;9995;26;;;9998;1;10004;1;10005;26;9997.0;20.0
-1;6500;KELP;2024;27;;;;;2027;27;;;;;2025.5;7.404296875
-1;6600;RAINFOREST_RESIN;9996;2;9995;24;;;10004;2;10005;24;;;10000.0;22.0
-1;6600;KELP;2024;26;;;;;2028;26;;;;;2026.0;9.9091796875
-1;6700;KELP;2025;7;2024;20;;;2028;20;;;;;2026.5;10.6611328125
-1;6700;RAINFOREST_RESIN;9995;20;;;;;10002;3;10005;20;;;9998.5;22.0
-1;6800;KELP;2024;32;;;;;2026;8;2027;2;2028;30;2025.0;8.9443359375
-1;6800;RAINFOREST_RESIN;9996;2;9995;30;;;10004;2;10005;30;;;10000.0;22.0
-1;6900;RAINFOREST_RESIN;9996;1;9995;26;;;10002;5;10004;1;10005;26;9999.0;22.0
-1;6900;KELP;2024;27;;;;;2026;1;2027;27;;;2025.0;8.078125
-1;7000;RAINFOREST_RESIN;9998;2;9995;27;;;10005;27;;;;;10001.5;22.0
-1;7000;KELP;2026;4;2024;27;;;2027;27;;;;;2026.5;8.341796875
-1;7100;KELP;2024;30;;;;;2027;30;;;;;2025.5;9.4654541015625
-1;7100;RAINFOREST_RESIN;9996;1;9995;29;;;10004;1;10005;29;;;10000.0;22.0
-1;7200;KELP;2024;28;;;;;2027;28;;;;;2025.5;9.35595703125
-1;7200;RAINFOREST_RESIN;9998;5;9996;1;9995;27;10004;1;10005;27;;;10001.0;22.0
-1;7300;RAINFOREST_RESIN;10002;1;9996;2;9995;29;10004;2;10005;29;;;10003.0;22.0
-1;7300;KELP;2024;35;;;;;2027;31;;;;;2025.5;9.3477783203125
-1;7400;RAINFOREST_RESIN;9996;1;9995;22;;;10004;1;10005;22;;;10000.0;24.0
-1;7400;KELP;2024;22;;;;;2027;23;;;;;2025.5;9.3968505859375
-1;7500;KELP;2024;25;;;;;2027;25;;;;;2025.5;9.478759765625
-1;7500;RAINFOREST_RESIN;9995;25;;;;;10002;10;10005;25;;;9998.5;24.0
-1;7600;KELP;2024;22;;;;;2027;22;;;;;2025.5;9.45947265625
-1;7600;RAINFOREST_RESIN;9996;2;9995;20;;;10004;2;10005;20;;;10000.0;24.0
-1;7700;RAINFOREST_RESIN;9995;22;;;;;10005;22;;;;;10000.0;24.0
-1;7700;KELP;2024;21;;;;;2027;22;;;;;2025.5;9.439208984375
-1;7800;RAINFOREST_RESIN;9998;3;9996;1;9995;22;10004;1;10005;22;;;10001.0;24.0
-1;7800;KELP;2024;23;;;;;2027;23;;;;;2025.5;9.421142578125
-1;7900;KELP;2024;31;;;;;2027;27;;;;;2025.5;9.41015625
-1;7900;RAINFOREST_RESIN;9996;1;9995;26;;;10004;1;10005;26;;;10000.0;24.0
-1;8000;KELP;2024;27;;;;;2026;8;2027;27;;;2025.0;9.304443359375
-1;8000;RAINFOREST_RESIN;9995;27;;;;;10005;27;;;;;10000.0;24.0
-1;8100;RAINFOREST_RESIN;9996;1;9995;22;;;10004;1;10005;22;;;10000.0;24.0
-1;8100;KELP;2023;23;;;;;2027;23;;;;;2025.0;8.918701171875
-1;8200;RAINFOREST_RESIN;9995;23;;;;;10005;23;;;;;10000.0;24.0
-1;8200;KELP;2023;23;;;;;2025;1;2026;23;;;2024.0;8.768310546875
-1;8300;KELP;2023;30;;;;;2026;30;;;;;2024.5;8.419921875
-1;8300;RAINFOREST_RESIN;9996;1;9995;29;;;10004;1;10005;29;;;10000.0;24.0
-1;8400;RAINFOREST_RESIN;9995;28;;;;;10005;28;;;;;10000.0;24.0
-1;8400;KELP;2023;28;;;;;2026;28;;;;;2024.5;8.437744140625
-1;8500;KELP;2023;31;;;;;2026;31;;;;;2024.5;8.35888671875
-1;8500;RAINFOREST_RESIN;9998;10;9996;2;9995;29;10004;2;10005;29;;;10001.0;24.0
-1;8600;RAINFOREST_RESIN;9996;1;9995;22;;;10004;1;10005;22;;;10000.0;24.0
-1;8600;KELP;2023;22;;;;;2026;23;;;;;2024.5;8.52197265625
-1;8700;KELP;2023;27;;;;;2025;4;2026;27;;;2024.0;8.6937255859375
-1;8700;RAINFOREST_RESIN;9998;10;9995;27;;;10005;27;;;;;10001.5;24.0
-1;8800;RAINFOREST_RESIN;9995;25;;;;;9998;1;10005;25;;;9996.5;24.0
-1;8800;KELP;2024;7;2023;25;;;2027;25;;;;;2025.5;8.990966796875
-1;8900;KELP;2024;1;2023;26;;;2027;26;;;;;2025.5;8.93896484375
-1;8900;RAINFOREST_RESIN;9998;9;9995;26;;;10005;26;;;;;10001.5;26.0
-1;9000;RAINFOREST_RESIN;9996;2;9995;29;;;10004;2;10005;29;;;10000.0;26.0
-1;9000;KELP;2023;31;;;;;2027;31;;;;;2025.0;8.9173583984375
-1;9100;KELP;2023;29;;;;;2026;2;2027;27;;;2024.5;8.83447265625
-1;9100;RAINFOREST_RESIN;9998;3;9996;2;9995;27;10004;2;10005;27;;;10001.0;26.0
-1;9200;RAINFOREST_RESIN;9998;10;9995;27;;;10005;27;;;;;10001.5;26.0
-1;9200;KELP;2023;27;;;;;2025;7;2026;27;;;2024.0;8.7816162109375
-1;9300;KELP;2023;21;;;;;2026;21;;;;;2024.5;8.5999755859375
-1;9300;RAINFOREST_RESIN;9996;1;9995;20;;;10004;1;10005;20;;;10000.0;26.0
-1;9400;RAINFOREST_RESIN;9998;2;9996;2;9995;21;10004;2;10005;21;;;10001.0;26.0
-1;9400;KELP;2023;23;;;;;2026;23;;;;;2024.5;8.5150146484375
-1;9500;KELP;2023;35;;;;;2026;31;;;;;2024.5;8.58447265625
-1;9500;RAINFOREST_RESIN;9996;1;9995;30;;;10004;1;10005;30;;;10000.0;26.0
-1;9600;RAINFOREST_RESIN;9996;1;9995;30;;;10004;1;10005;30;;;10000.0;26.0
-1;9600;KELP;2023;31;;;;;2026;31;;;;;2024.5;8.431640625
-1;9700;KELP;2023;22;;;;;2026;22;;;;;2024.5;8.4305419921875
-1;9700;RAINFOREST_RESIN;9995;22;;;;;10002;1;10005;22;;;9998.5;26.0
-1;9800;RAINFOREST_RESIN;9995;26;;;;;10005;26;;;;;10000.0;26.0
-1;9800;KELP;2023;26;;;;;2026;26;;;;;2024.5;8.4788818359375
-1;9900;KELP;2025;4;2023;25;;;2026;25;;;;;2025.5;8.6717529296875
-1;9900;RAINFOREST_RESIN;9995;25;;;;;10005;25;;;;;10000.0;26.0
-1;10000;RAINFOREST_RESIN;9995;28;;;;;10005;28;;;;;10000.0;26.0
-1;10000;KELP;2023;36;;;;;2026;28;;;;;2024.5;10.052734375
-1;10100;KELP;2023;25;;;;;2026;25;;;;;2024.5;10.31494140625
-1;10100;RAINFOREST_RESIN;9996;1;9995;24;;;10002;3;10004;1;10005;24;9999.0;26.0
-1;10200;RAINFOREST_RESIN;9996;2;9995;26;;;10004;2;10005;26;;;10000.0;26.0
-1;10200;KELP;2022;28;;;;;2026;28;;;;;2024.0;12.0634765625
-1;10300;KELP;2024;1;2022;35;;;2025;27;;;;;2024.5;13.8046875
-1;10300;RAINFOREST_RESIN;9998;4;9995;27;;;10005;27;;;;;10001.5;26.0
-1;10400;RAINFOREST_RESIN;10002;1;9996;1;9995;28;10004;1;10005;28;;;10003.0;26.0
-1;10400;KELP;2023;1;2022;29;;;2026;29;;;;;2024.5;11.8603515625
-1;10500;KELP;2023;2;2022;29;;;2026;31;;;;;2024.5;11.580078125
-1;10500;RAINFOREST_RESIN;9998;4;9996;2;9995;29;10004;2;10005;29;;;10001.0;28.0
-1;10600;RAINFOREST_RESIN;9996;2;9995;29;;;10000;4;10004;2;10005;29;9998.0;28.0
-1;10600;KELP;2022;31;;;;;2023;4;2024;4;2025;31;2022.5;13.267578125
-1;10700;KELP;2022;29;;;;;2025;28;;;;;2023.5;15.4615478515625
-1;10700;RAINFOREST_RESIN;9998;8;9995;28;;;10005;28;;;;;10001.5;28.0
-1;10800;RAINFOREST_RESIN;9998;5;9996;2;9995;22;10004;2;10005;22;;;10001.0;28.0
-1;10800;KELP;2022;27;;;;;2025;24;;;;;2023.5;15.549560546875
-1;10900;KELP;2022;35;;;;;2025;28;;;;;2023.5;15.5234375
-1;10900;RAINFOREST_RESIN;9996;1;9995;27;;;10004;1;10005;27;;;10000.0;28.0
-1;11000;KELP;2024;7;2022;24;;;2025;24;;;;;2024.5;15.520751953125
-1;11000;RAINFOREST_RESIN;9995;24;;;;;10002;7;10005;24;;;9998.5;28.0
-1;11100;RAINFOREST_RESIN;9998;3;9995;21;;;10005;21;;;;;10001.5;28.0
-1;11100;KELP;2022;21;;;;;2025;21;;;;;2023.5;18.5234375
-1;11200;RAINFOREST_RESIN;9996;2;9995;21;;;10002;7;10004;2;10005;21;9999.0;28.0
-1;11200;KELP;2022;23;;;;;2025;23;;;;;2023.5;19.005859375
-1;11300;KELP;2022;25;;;;;2025;22;;;;;2023.5;18.5537109375
-1;11300;RAINFOREST_RESIN;9996;1;9995;21;;;10004;1;10005;21;;;10000.0;28.0
-1;11400;KELP;2022;26;;;;;2025;26;;;;;2023.5;17.9033203125
-1;11400;RAINFOREST_RESIN;9996;1;9995;25;;;10004;1;10005;25;;;10000.0;28.0
-1;11500;RAINFOREST_RESIN;9996;1;9995;25;;;10002;7;10004;1;10005;25;9999.0;28.0
-1;11500;KELP;2022;26;;;;;2024;8;2025;26;;;2023.0;18.15234375
-1;11600;RAINFOREST_RESIN;9996;2;9995;27;;;10002;2;10004;2;10005;27;9999.0;28.0
-1;11600;KELP;2022;29;;;;;2026;29;;;;;2024.0;15.3349609375
-1;11700;KELP;2022;23;;;;;2023;2;2026;23;;;2022.5;16.44921875
-1;11700;RAINFOREST_RESIN;9996;2;9995;21;;;10004;2;10005;21;;;10000.0;28.0
-1;11800;KELP;2022;29;;;;;2024;4;2026;29;;;2023.0;17.27099609375
-1;11800;RAINFOREST_RESIN;9998;10;9995;29;;;10000;5;10005;29;;;9999.0;28.0
-1;11900;RAINFOREST_RESIN;9996;2;9995;30;;;10004;2;10005;30;;;10000.0;28.0
-1;11900;KELP;2023;2;2022;30;;;2024;3;2026;32;;;2023.5;17.43310546875
-1;12000;RAINFOREST_RESIN;10002;1;9995;20;;;10005;20;;;;;10003.5;28.0
-1;12000;KELP;2023;20;;;;;2026;20;;;;;2024.5;16.1162109375
-1;12100;KELP;2023;27;;;;;2025;1;2026;27;;;2024.0;16.1669921875
-1;12100;RAINFOREST_RESIN;9996;2;9995;25;;;10004;2;10005;25;;;10000.0;30.0
-1;12200;KELP;2023;34;;;;;2026;30;;;;;2024.5;16.2197265625
-1;12200;RAINFOREST_RESIN;9996;2;9995;28;;;10004;2;10005;28;;;10000.0;30.0
-1;12300;RAINFOREST_RESIN;9998;6;9996;1;9995;28;10004;1;10005;28;;;10001.0;30.0
-1;12300;KELP;2023;29;;;;;2026;29;;;;;2024.5;15.97265625
-1;12400;RAINFOREST_RESIN;9995;26;;;;;10005;26;;;;;10000.0;30.0
-1;12400;KELP;2023;30;;;;;2026;26;;;;;2024.5;15.77587890625
-1;12500;KELP;2023;19;;;;;2026;20;;;;;2024.5;16.27587890625
-1;12500;RAINFOREST_RESIN;9995;20;;;;;10005;20;;;;;10000.0;30.0
-1;12600;KELP;2023;22;;;;;2026;22;;;;;2024.5;16.7734375
-1;12600;RAINFOREST_RESIN;9995;22;;;;;10005;22;;;;;10000.0;30.0
-1;12700;RAINFOREST_RESIN;9996;2;9995;20;;;10004;2;10005;20;;;10000.0;30.0
-1;12700;KELP;2023;22;;;;;2026;22;;;;;2024.5;16.4013671875
-1;12800;RAINFOREST_RESIN;9996;2;9995;20;;;10004;2;10005;20;;;10000.0;30.0
-1;12800;KELP;2023;22;;;;;2026;22;;;;;2024.5;16.12060546875
-1;12900;KELP;2023;36;;;;;2026;29;;;;;2024.5;15.7587890625
-1;12900;RAINFOREST_RESIN;9996;1;9995;28;;;10002;3;10004;1;10005;28;9999.0;30.0
-1;13000;KELP;2025;1;2023;6;2022;20;2026;20;;;;;2025.5;17.4228515625
-1;13000;RAINFOREST_RESIN;10002;1;9995;20;;;10005;20;;;;;10003.5;30.0
-1;13100;RAINFOREST_RESIN;9996;1;9995;25;;;10004;1;10005;25;;;10000.0;32.0
-1;13100;KELP;2023;33;;;;;2026;26;;;;;2024.5;17.568359375
-1;13200;RAINFOREST_RESIN;9998;2;9995;22;;;10005;22;;;;;10001.5;32.0
-1;13200;KELP;2022;22;;;;;2025;5;2026;22;;;2023.5;17.93359375
-1;13300;KELP;2023;6;2022;24;;;2026;24;;;;;2024.5;18.087890625
-1;13300;RAINFOREST_RESIN;9995;24;;;;;10005;24;;;;;10000.0;32.0
-1;13400;KELP;2023;32;;;;;2026;32;;;;;2024.5;17.8994140625
-1;13400;RAINFOREST_RESIN;9996;2;9995;30;;;10004;2;10005;30;;;10000.0;32.0
-1;13500;RAINFOREST_RESIN;9995;30;;;;;10005;30;;;;;10000.0;32.0
-1;13500;KELP;2022;30;;;;;2025;8;2026;30;;;2023.5;17.9599609375
-1;13600;RAINFOREST_RESIN;9995;25;;;;;10002;10;10005;25;;;9998.5;32.0
-1;13600;KELP;2023;24;;;;;2025;3;2026;25;;;2024.0;17.1923828125
-1;13700;KELP;2023;25;;;;;2026;21;;;;;2024.5;17.17578125
-1;13700;RAINFOREST_RESIN;9996;1;9995;20;;;9998;4;10004;1;10005;20;9997.0;32.0
-1;13800;KELP;2023;23;;;;;2026;22;;;;;2024.5;16.8720703125
-1;13800;RAINFOREST_RESIN;9996;2;9995;20;;;10004;2;10005;20;;;10000.0;40.0
-1;13900;RAINFOREST_RESIN;9996;2;9995;20;;;10000;6;10004;2;10005;20;9998.0;40.0
-1;13900;KELP;2023;22;;;;;2024;6;2025;4;2026;22;2023.5;17.5390625
-1;14000;RAINFOREST_RESIN;9998;5;9996;2;9995;27;10004;2;10005;27;;;10001.0;40.0
-1;14000;KELP;2023;3;2022;29;;;2026;29;;;;;2024.5;18.4609375
-1;14100;KELP;2023;25;;;;;2025;1;2026;25;;;2024.0;16.8134765625
-1;14100;RAINFOREST_RESIN;9996;2;9995;23;;;10004;2;10005;23;;;10000.0;40.0
-1;14200;KELP;2023;20;;;;;2026;21;;;;;2024.5;16.7177734375
-1;14200;RAINFOREST_RESIN;9995;21;;;;;10005;21;;;;;10000.0;40.0
-1;14300;RAINFOREST_RESIN;9996;2;9995;27;;;10004;2;10005;27;;;10000.0;40.0
-1;14300;KELP;2022;29;;;;;2026;29;;;;;2024.0;18.98828125
-1;14400;RAINFOREST_RESIN;9996;1;9995;29;;;10004;1;10005;29;;;10000.0;40.0
-1;14400;KELP;2023;30;;;;;2026;30;;;;;2024.5;17.8486328125
-1;14500;KELP;2023;24;;;;;2026;24;;;;;2024.5;17.646484375
-1;14500;RAINFOREST_RESIN;9995;24;;;;;10002;1;10005;24;;;9998.5;40.0
-1;14600;KELP;2022;28;;;;;2024;2;2026;28;;;2023.0;18.625
-1;14600;RAINFOREST_RESIN;9996;2;9995;26;;;10000;2;10004;2;10005;26;9998.0;40.0
-1;14700;RAINFOREST_RESIN;9995;30;;;;;10002;7;10005;30;;;9998.5;40.0
-1;14700;KELP;2022;30;;;;;2025;30;;;;;2023.5;19.927734375
-1;14800;RAINFOREST_RESIN;9995;28;;;;;10002;6;10005;28;;;9998.5;40.0
-1;14800;KELP;2022;28;;;;;2025;28;;;;;2023.5;19.96142578125
-1;14900;KELP;2023;4;2022;26;;;2025;26;;;;;2024.0;20.0478515625
-1;14900;RAINFOREST_RESIN;10000;4;9995;26;;;10005;26;;;;;10002.5;40.0
-1;15000;KELP;2024;8;2022;25;;;2025;25;;;;;2024.5;20.29296875
-1;15000;RAINFOREST_RESIN;9998;1;9995;25;;;10005;25;;;;;10001.5;40.0
-1;15100;RAINFOREST_RESIN;9995;22;;;;;10005;22;;;;;10000.0;40.0
-1;15100;KELP;2022;27;;;;;2025;22;;;;;2023.5;25.76953125
-1;15200;RAINFOREST_RESIN;9998;6;9995;27;;;10005;27;;;;;10001.5;40.0
-1;15200;KELP;2022;26;;;;;2025;27;;;;;2023.5;25.884765625
-1;15300;KELP;2022;26;;;;;2024;4;2025;26;;;2023.0;26.271484375
-1;15300;RAINFOREST_RESIN;9995;26;;;;;10002;1;10005;26;;;9998.5;40.0
-1;15400;KELP;2022;35;;;;;2025;30;;;;;2023.5;26.9296875
-1;15400;RAINFOREST_RESIN;9996;2;9995;28;;;9998;1;10004;2;10005;28;9997.0;40.0
-1;15500;RAINFOREST_RESIN;10002;1;9996;2;9995;29;10004;2;10005;29;;;10003.0;42.0
-1;15500;KELP;2022;31;;;;;2024;8;2025;31;;;2023.0;25.580078125
-1;15600;RAINFOREST_RESIN;9996;2;9995;24;;;10004;2;10005;24;;;10000.0;44.0
-1;15600;KELP;2022;31;;;;;2025;26;;;;;2023.5;24.462890625
-1;15700;KELP;2022;25;;;;;2025;25;;;;;2023.5;22.71484375
-1;15700;RAINFOREST_RESIN;10002;5;9996;1;9995;24;10004;1;10005;24;;;10003.0;44.0
-1;15800;KELP;2025;1;2022;22;;;2026;22;;;;;2025.5;18.8984375
-1;15800;RAINFOREST_RESIN;9998;10;9996;2;9995;20;10004;2;10005;20;;;10001.0;54.0
-1;15900;RAINFOREST_RESIN;9996;2;9995;29;;;10000;6;10004;2;10005;29;9998.0;54.0
-1;15900;KELP;2023;31;;;;;2024;6;2025;2;2026;31;2023.5;16.1875
-1;16000;RAINFOREST_RESIN;9996;2;9995;27;;;10002;6;10004;2;10005;27;9999.0;54.0
-1;16000;KELP;2023;29;;;;;2025;2;2026;29;;;2024.0;16.78125
-1;16100;KELP;2022;21;;;;;2023;2;2026;21;;;2022.5;22.0625
-1;16100;RAINFOREST_RESIN;9995;21;;;;;10000;2;10002;10;10005;21;9997.5;54.0
-1;16200;KELP;2022;24;;;;;2023;1;2026;24;;;2022.5;22.5625
-1;16200;RAINFOREST_RESIN;9995;24;;;;;9998;1;10005;24;;;9996.5;54.0
-1;16300;RAINFOREST_RESIN;9996;1;9995;22;;;10004;1;10005;22;;;10000.0;56.0
-1;16300;KELP;2023;2;2022;23;;;2026;23;;;;;2024.5;23.7890625
-1;16400;RAINFOREST_RESIN;9996;2;9995;30;;;10002;3;10004;2;10005;30;9999.0;56.0
-1;16400;KELP;2023;2;2022;30;;;2026;32;;;;;2024.5;21.962890625
-1;16500;KELP;2023;2;2022;21;;;2026;23;;;;;2024.5;21.755859375
-1;16500;RAINFOREST_RESIN;9996;2;9995;21;;;10002;7;10004;2;10005;21;9999.0;56.0
-1;16600;KELP;2022;30;;;;;2023;1;2026;30;;;2022.5;22.669921875
-1;16600;RAINFOREST_RESIN;9998;4;9996;2;9995;28;10004;2;10005;28;;;10001.0;56.0
-1;16700;RAINFOREST_RESIN;10002;1;9995;26;;;10005;26;;;;;10003.5;56.0
-1;16700;KELP;2025;1;2022;26;;;2026;26;;;;;2025.5;23.0361328125
-1;16800;RAINFOREST_RESIN;9995;26;;;;;10005;26;;;;;10000.0;58.0
-1;16800;KELP;2022;26;;;;;2026;26;;;;;2024.0;24.908203125
-1;16900;KELP;2023;1;2022;25;;;2026;26;;;;;2024.5;23.83203125
-1;16900;RAINFOREST_RESIN;9996;1;9995;25;;;10004;1;10005;25;;;10000.0;58.0
-1;17000;KELP;2023;29;;;;;2026;29;;;;;2024.5;22.736328125
-1;17000;RAINFOREST_RESIN;9998;9;9995;29;;;10005;29;;;;;10001.5;58.0
-1;17100;KELP;2023;23;;;;;2026;23;;;;;2024.5;21.771484375
-1;17100;RAINFOREST_RESIN;9996;2;9995;21;;;10004;2;10005;21;;;10000.0;58.0
-1;17200;RAINFOREST_RESIN;9998;3;9996;2;9995;22;10004;2;10005;22;;;10001.0;58.0
-1;17200;KELP;2023;24;;;;;2026;24;;;;;2024.5;20.609375
-1;17300;KELP;2023;25;;;;;2025;6;2026;25;;;2024.0;19.865234375
-1;17300;RAINFOREST_RESIN;9996;2;9995;23;;;10002;9;10004;2;10005;23;9999.0;58.0
-1;17400;RAINFOREST_RESIN;10000;6;9998;7;9995;28;10005;28;;;;;10002.5;58.0
-1;17400;KELP;2024;6;2023;28;;;2026;28;;;;;2025.0;17.94921875
-1;17500;KELP;2023;26;;;;;2027;26;;;;;2025.0;17.630859375
-1;17500;RAINFOREST_RESIN;9995;26;;;;;10005;26;;;;;10000.0;58.0
-1;17600;RAINFOREST_RESIN;9998;6;9995;30;;;10005;30;;;;;10001.5;58.0
-1;17600;KELP;2023;30;;;;;2026;30;;;;;2024.5;18.5625
-1;17700;KELP;2025;1;2023;29;;;2026;29;;;;;2025.5;19.22265625
-1;17700;RAINFOREST_RESIN;9996;2;9995;27;;;10004;2;10005;27;;;10000.0;58.0
-1;17800;RAINFOREST_RESIN;9996;2;9995;24;;;10002;5;10004;2;10005;24;9999.0;58.0
-1;17800;KELP;2023;26;;;;;2026;2;2027;24;;;2024.5;18.126953125
-1;17900;KELP;2023;23;;;;;2027;23;;;;;2025.0;17.71484375
-1;17900;RAINFOREST_RESIN;9995;23;;;;;10005;23;;;;;10000.0;58.0
-1;18000;RAINFOREST_RESIN;9996;2;9995;25;;;10004;2;10005;25;;;10000.0;58.0
-1;18000;KELP;2023;27;;;;;2026;27;;;;;2024.5;18.53125
-1;18100;KELP;2023;20;;;;;2027;20;;;;;2025.0;15.748046875
-1;18100;RAINFOREST_RESIN;9995;20;;;;;10005;20;;;;;10000.0;58.0
-1;18200;RAINFOREST_RESIN;9996;1;9995;25;;;10004;1;10005;25;;;10000.0;58.0
-1;18200;KELP;2024;21;;;;;2027;26;;;;;2025.5;12.74609375
-1;18300;KELP;2023;25;;;;;2027;25;;;;;2025.0;14.888671875
-1;18300;RAINFOREST_RESIN;9996;2;9995;23;;;10004;2;10005;23;;;10000.0;58.0
-1;18400;RAINFOREST_RESIN;9996;2;9995;23;;;10004;2;10005;23;;;10000.0;58.0
-1;18400;KELP;2024;25;;;;;2026;5;2027;25;;;2025.0;10.966796875
-1;18500;KELP;2024;29;;;;;2025;1;2027;29;;;2024.5;10.337890625
-1;18500;RAINFOREST_RESIN;9995;29;;;;;10000;2;10005;29;;;9997.5;58.0
-1;18600;RAINFOREST_RESIN;10002;1;9995;20;;;10005;20;;;;;10003.5;58.0
-1;18600;KELP;2024;20;;;;;2026;5;2027;20;;;2025.0;9.271484375
-1;18700;KELP;2024;22;;;;;2027;22;;;;;2025.5;8.9765625
-1;18700;RAINFOREST_RESIN;9995;22;;;;;10005;22;;;;;10000.0;60.0
-1;18800;RAINFOREST_RESIN;9996;2;9995;26;;;10004;2;10005;26;;;10000.0;60.0
-1;18800;KELP;2024;28;;;;;2027;28;;;;;2025.5;11.294921875
-1;18900;KELP;2024;22;;;;;2027;22;;;;;2025.5;10.2734375
-1;18900;RAINFOREST_RESIN;9998;2;9995;22;;;10005;22;;;;;10001.5;60.0
-1;19000;RAINFOREST_RESIN;9996;2;9995;26;;;10004;2;10005;26;;;10000.0;60.0
-1;19000;KELP;2024;18;;;;;2027;28;;;;;2025.5;10.068359375
-1;19100;KELP;2024;28;;;;;2027;28;;;;;2025.5;9.796875
-1;19100;RAINFOREST_RESIN;9996;2;9995;26;;;10004;2;10005;26;;;10000.0;60.0
-1;19200;RAINFOREST_RESIN;9996;1;9995;20;;;9998;1;10004;1;10005;20;9997.0;60.0
-1;19200;KELP;2024;21;;;;;2027;21;;;;;2025.5;9.162109375
-1;19300;KELP;2024;23;;;;;2027;23;;;;;2025.5;9.015625
-1;19300;RAINFOREST_RESIN;9996;2;9995;21;;;10004;2;10005;21;;;10000.0;62.0
-1;19400;RAINFOREST_RESIN;9995;26;;;;;10005;26;;;;;10000.0;62.0
-1;19400;KELP;2023;26;;;;;2027;26;;;;;2025.0;14.25
-1;19500;KELP;2024;23;;;;;2027;23;;;;;2025.5;11.294921875
-1;19500;RAINFOREST_RESIN;9995;23;;;;;10005;23;;;;;10000.0;62.0
-1;19600;RAINFOREST_RESIN;9996;2;9995;27;;;10004;2;10005;27;;;10000.0;62.0
-1;19600;KELP;2024;2;2023;27;;;2027;29;;;;;2025.5;14.1953125
-1;19700;KELP;2024;31;;;;;2026;7;2027;32;;;2025.0;13.267578125
-1;19700;RAINFOREST_RESIN;10002;1;9996;2;9995;30;10004;2;10005;30;;;10003.0;62.0
-1;19800;RAINFOREST_RESIN;9996;2;9995;29;;;10004;2;10005;29;;;10000.0;64.0
-1;19800;KELP;2024;31;;;;;2027;31;;;;;2025.5;12.0546875
-1;19900;KELP;2024;32;;;;;2027;32;;;;;2025.5;10.75390625
-1;19900;RAINFOREST_RESIN;9996;2;9995;30;;;10004;2;10005;30;;;10000.0;64.0
-1;20000;KELP;2024;2;2023;27;;;2027;27;;;;;2025.5;16.349609375
-1;20000;RAINFOREST_RESIN;9995;27;;;;;10002;4;10005;27;;;9998.5;64.0
-1;20100;RAINFOREST_RESIN;10002;1;9996;1;9995;30;10004;1;10005;30;;;10003.0;64.0
-1;20100;KELP;2023;31;;;;;2025;4;2027;31;;;2024.0;15.80859375
-1;20200;RAINFOREST_RESIN;9995;29;;;;;9998;1;10005;29;;;9996.5;66.0
-1;20200;KELP;2023;29;;;;;2027;29;;;;;2025.0;16.658203125
-1;20300;KELP;2024;26;;;;;2027;27;;;;;2025.5;12.3955078125
-1;20300;RAINFOREST_RESIN;9995;27;;;;;10005;27;;;;;10000.0;68.0
-1;20400;KELP;2024;30;;;;;2025;4;2027;29;;;2024.5;14.0859375
-1;20400;RAINFOREST_RESIN;9996;1;9995;28;;;10000;4;10004;1;10005;28;9998.0;68.0
-1;20500;RAINFOREST_RESIN;10000;3;9996;2;9995;30;10004;2;10005;30;;;10002.0;68.0
-1;20500;KELP;2025;4;2024;7;2023;30;2027;32;;;;;2026.0;15.1484375
-1;20600;RAINFOREST_RESIN;9996;2;9995;26;;;10004;2;10005;26;;;10000.0;68.0
-1;20600;KELP;2023;28;;;;;2027;28;;;;;2025.0;15.3212890625
-1;20700;KELP;2025;6;2023;22;;;2027;22;;;;;2026.0;15.099609375
-1;20700;RAINFOREST_RESIN;10002;1;10000;6;9998;4;10005;22;;;;;10003.5;68.0
-1;20800;KELP;2024;2;2023;22;;;2027;24;;;;;2025.5;15.02734375
-1;20800;RAINFOREST_RESIN;9996;2;9995;22;;;10004;2;10005;22;;;10000.0;70.0
-1;20900;RAINFOREST_RESIN;9995;23;;;;;10005;23;;;;;10000.0;70.0
-1;20900;KELP;2026;1;2023;23;;;2027;23;;;;;2026.5;14.7578125
-1;21000;RAINFOREST_RESIN;9996;2;9995;26;;;10004;2;10005;26;;;10000.0;70.0
-1;21000;KELP;2024;28;;;;;2027;28;;;;;2025.5;15.21484375
-1;21100;KELP;2024;2;2023;22;;;2027;24;;;;;2025.5;15.8408203125
-1;21100;RAINFOREST_RESIN;9996;2;9995;22;;;10004;2;10005;22;;;10000.0;70.0
-1;21200;KELP;2024;22;;;;;2027;22;;;;;2025.5;14.8359375
-1;21200;RAINFOREST_RESIN;9995;22;;;;;9998;1;10005;22;;;9996.5;70.0
-1;21300;RAINFOREST_RESIN;9996;1;9995;29;;;10002;7;10004;1;10005;29;9999.0;72.0
-1;21300;KELP;2024;1;2023;29;;;2027;30;;;;;2025.5;15.6484375
-1;21400;RAINFOREST_RESIN;9995;28;;;;;10005;28;;;;;10000.0;72.0
-1;21400;KELP;2024;28;;;;;2027;28;;;;;2025.5;14.9208984375
-1;21500;KELP;2026;4;2024;21;;;2027;21;;;;;2026.5;12.126953125
-1;21500;RAINFOREST_RESIN;9996;1;9995;20;;;10004;1;10005;20;;;10000.0;72.0
-1;21600;KELP;2024;27;;;;;2027;2;2028;25;;;2025.5;11.970703125
-1;21600;RAINFOREST_RESIN;10002;12;9996;2;9995;25;10004;2;10005;25;;;10003.0;72.0
-1;21700;RAINFOREST_RESIN;9998;8;9996;2;9995;29;10004;2;10005;29;;;10001.0;96.0
-1;21700;KELP;2024;31;;;;;2027;31;;;;;2025.5;12.95703125
-1;21800;RAINFOREST_RESIN;9996;2;9995;22;;;10004;2;10005;22;;;10000.0;96.0
-1;21800;KELP;2024;24;;;;;2028;24;;;;;2026.0;11.029296875
-1;21900;KELP;2024;22;;;;;2028;22;;;;;2026.0;10.5703125
-1;21900;RAINFOREST_RESIN;10002;3;9996;1;9995;21;10004;1;10005;21;;;10003.0;96.0
-1;22000;KELP;2024;21;;;;;2028;21;;;;;2026.0;12.0234375
-1;22000;RAINFOREST_RESIN;9995;21;;;;;10005;21;;;;;10000.0;102.0
-1;22100;RAINFOREST_RESIN;9996;2;9995;22;;;10002;7;10004;2;10005;22;9999.0;102.0
-1;22100;KELP;2024;23;;;;;2027;24;;;;;2025.5;15.52734375
-1;22200;RAINFOREST_RESIN;9998;6;9996;1;9995;20;10004;1;10005;20;;;10001.0;102.0
-1;22200;KELP;2024;21;;;;;2027;21;;;;;2025.5;17.6875
-1;22300;KELP;2023;29;;;;;2026;1;2027;28;;;2024.5;23.251953125
-1;22300;RAINFOREST_RESIN;9996;1;9995;28;;;10004;1;10005;28;;;10000.0;102.0
-1;22400;KELP;2023;29;;;;;2026;29;;;;;2024.5;23.728515625
-1;22400;RAINFOREST_RESIN;9996;2;9995;27;;;9998;1;10004;2;10005;27;9997.0;102.0
-1;22500;RAINFOREST_RESIN;9996;2;9995;29;;;10004;2;10005;29;;;10000.0;104.0
-1;22500;KELP;2023;31;;;;;2026;31;;;;;2024.5;26.205078125
-1;22600;RAINFOREST_RESIN;10000;6;9998;6;9996;2;10004;2;10005;20;;;10002.0;104.0
-1;22600;KELP;2024;6;2023;26;;;2026;22;;;;;2025.0;27.00390625
-1;22700;KELP;2023;25;;;;;2026;26;;;;;2024.5;27.390625
-1;22700;RAINFOREST_RESIN;9996;2;9995;24;;;10004;2;10005;24;;;10000.0;104.0
-1;22800;KELP;2023;27;;;;;2026;28;;;;;2024.5;29.5390625
-1;22800;RAINFOREST_RESIN;9996;1;9995;27;;;9998;2;10004;1;10005;27;9997.0;104.0
-1;22900;RAINFOREST_RESIN;9996;2;9995;30;;;10002;8;10004;2;10005;30;9999.0;108.0
-1;22900;KELP;2023;2;2022;30;;;2026;32;;;;;2024.5;30.103515625
-1;23000;RAINFOREST_RESIN;9996;1;9995;21;;;10004;1;10005;21;;;10000.0;108.0
-1;23000;KELP;2022;22;;;;;2026;22;;;;;2024.0;31.595703125
-1;23100;KELP;2023;23;;;;;2026;23;;;;;2024.5;28.669921875
-1;23100;RAINFOREST_RESIN;9998;8;9995;23;;;10005;23;;;;;10001.5;108.0
-1;23200;KELP;2023;2;2022;29;;;2024;3;2026;31;;;2023.5;29.927734375
-1;23200;RAINFOREST_RESIN;9998;5;9996;2;9995;29;10004;2;10005;29;;;10001.0;108.0
-1;23300;RAINFOREST_RESIN;9996;1;9995;29;;;10004;1;10005;29;;;10000.0;108.0
-1;23300;KELP;2023;30;;;;;2026;30;;;;;2024.5;29.1162109375
-1;23400;RAINFOREST_RESIN;9996;1;9995;29;;;10004;1;10005;29;;;10000.0;108.0
-1;23400;KELP;2023;30;;;;;2026;30;;;;;2024.5;29.0283203125
-1;23500;KELP;2023;29;;;;;2025;4;2026;30;;;2024.0;29.099609375
-1;23500;RAINFOREST_RESIN;9998;8;9996;2;9995;28;10004;2;10005;28;;;10001.0;108.0
-1;23600;KELP;2022;27;;;;;2026;27;;;;;2024.0;30.4765625
-1;23600;RAINFOREST_RESIN;9995;27;;;;;10005;27;;;;;10000.0;108.0
-1;23700;RAINFOREST_RESIN;10002;1;9996;2;9995;21;10004;2;10005;21;;;10003.0;108.0
-1;23700;KELP;2023;2;2022;21;;;2025;7;2026;23;;;2024.0;30.3818359375
-1;23800;RAINFOREST_RESIN;9995;30;;;;;10005;30;;;;;10000.0;110.0
-1;23800;KELP;2024;1;2022;30;;;2026;30;;;;;2025.0;32.9755859375
-1;23900;KELP;2025;1;2023;1;2022;30;2026;30;;;;;2025.5;31.15234375
-1;23900;RAINFOREST_RESIN;9995;30;;;;;10005;30;;;;;10000.0;110.0
-1;24000;KELP;2022;29;;;;;2026;29;;;;;2024.0;32.099609375
-1;24000;RAINFOREST_RESIN;9998;9;9995;29;;;10005;29;;;;;10001.5;110.0
-1;24100;RAINFOREST_RESIN;9996;1;9995;25;;;10004;1;10005;25;;;10000.0;110.0
-1;24100;KELP;2023;1;2022;25;;;2025;3;2026;26;;;2024.0;31.115234375
-1;24200;RAINFOREST_RESIN;9996;2;9995;28;;;10002;6;10004;2;10005;28;9999.0;110.0
-1;24200;KELP;2023;30;;;;;2026;30;;;;;2024.5;29.767578125
-1;24300;KELP;2023;26;;;;;2026;26;;;;;2024.5;29.5546875
-1;24300;RAINFOREST_RESIN;9996;2;9995;24;;;10002;1;10004;2;10005;24;9999.0;110.0
-1;24400;KELP;2025;1;2023;22;;;2026;22;;;;;2025.5;30.67578125
-1;24400;RAINFOREST_RESIN;10002;1;9998;4;9996;1;10004;1;10005;21;;;10003.0;110.0
-1;24500;RAINFOREST_RESIN;10002;1;9996;1;9995;25;10004;1;10005;25;;;10003.0;112.0
-1;24500;KELP;2022;26;;;;;2026;26;;;;;2024.0;33.7890625
-1;24600;RAINFOREST_RESIN;9995;24;;;;;9998;2;10005;24;;;9996.5;114.0
-1;24600;KELP;2022;24;;;;;2024;2;2026;24;;;2023.0;32.1796875
-1;24700;KELP;2023;25;;;;;2026;25;;;;;2024.5;31.466796875
-1;24700;RAINFOREST_RESIN;9995;25;;;;;10005;25;;;;;10000.0;118.0
-1;24800;KELP;2022;23;;;;;2026;23;;;;;2024.0;33.58984375
-1;24800;RAINFOREST_RESIN;9995;23;;;;;10005;23;;;;;10000.0;118.0
-1;24900;RAINFOREST_RESIN;10002;1;9996;1;9995;22;10004;1;10005;22;;;10003.0;118.0
-1;24900;KELP;2024;4;2022;23;;;2026;23;;;;;2025.0;33.1171875
-1;25000;RAINFOREST_RESIN;9995;23;;;;;10005;23;;;;;10000.0;120.0
-1;25000;KELP;2023;23;;;;;2026;23;;;;;2024.5;31.658203125
-1;25100;KELP;2022;25;;;;;2024;4;2026;25;;;2023.0;32.8017578125
-1;25100;RAINFOREST_RESIN;10002;1;9995;25;;;10005;25;;;;;10003.5;120.0
-1;25200;KELP;2023;1;2022;24;;;2025;3;2026;25;;;2024.0;33.23828125
-1;25200;RAINFOREST_RESIN;9996;1;9995;24;;;9998;5;10004;1;10005;24;9997.0;122.0
-1;25300;RAINFOREST_RESIN;9996;2;9995;22;;;10004;2;10005;22;;;10000.0;132.0
-1;25300;KELP;2023;4;2022;22;;;2026;24;;;;;2024.5;33.2431640625
-1;25400;RAINFOREST_RESIN;9996;1;9995;29;;;10004;1;10005;29;;;10000.0;132.0
-1;25400;KELP;2025;8;2023;30;;;2026;30;;;;;2025.5;32.98779296875
-1;25500;KELP;2022;21;;;;;2025;21;;;;;2023.5;45.751953125
-1;25500;RAINFOREST_RESIN;9996;1;9995;20;;;9998;6;10002;9;10004;1;9997.0;132.0
-1;25600;KELP;2023;31;;;;;2026;23;;;;;2024.5;38.7578125
-1;25600;RAINFOREST_RESIN;9996;1;9995;22;;;10002;7;10004;1;10005;22;9999.0;144.0
-1;25700;RAINFOREST_RESIN;9996;2;9995;30;;;10004;2;10005;30;;;10000.0;144.0
-1;25700;KELP;2023;32;;;;;2025;6;2026;32;;;2024.0;37.091796875
-1;25800;RAINFOREST_RESIN;10002;4;9995;24;;;10005;24;;;;;10003.5;144.0
-1;25800;KELP;2023;23;;;;;2026;24;;;;;2024.5;35.05859375
-1;25900;KELP;2023;25;;;;;2026;25;;;;;2024.5;37.7734375
-1;25900;RAINFOREST_RESIN;9996;2;9995;23;;;10004;2;10005;23;;;10000.0;152.0
-1;26000;RAINFOREST_RESIN;9996;2;9995;27;;;10004;2;10005;27;;;10000.0;152.0
-1;26000;KELP;2023;22;;;;;2026;29;;;;;2024.5;39.361328125
-1;26100;KELP;2023;20;;;;;2026;20;;;;;2024.5;37.52734375
-1;26100;RAINFOREST_RESIN;9998;7;9995;20;;;10005;20;;;;;10001.5;152.0
-1;26200;RAINFOREST_RESIN;9996;1;9995;22;;;10004;1;10005;22;;;10000.0;152.0
-1;26200;KELP;2023;23;;;;;2026;23;;;;;2024.5;37.029296875
-1;26300;KELP;2023;30;;;;;2026;30;;;;;2024.5;37.51953125
-1;26300;RAINFOREST_RESIN;9996;1;9995;29;;;9998;1;10004;1;10005;29;9997.0;152.0
-1;26400;RAINFOREST_RESIN;9995;22;;;;;10005;22;;;;;10000.0;154.0
-1;26400;KELP;2023;27;;;;;2026;22;;;;;2024.5;38.4609375
-1;26500;KELP;2023;24;;;;;2026;24;;;;;2024.5;38.6796875
-1;26500;RAINFOREST_RESIN;9996;1;9995;23;;;10004;1;10005;23;;;10000.0;154.0
-1;26600;RAINFOREST_RESIN;9996;2;9995;28;;;9998;1;10004;2;10005;28;9997.0;154.0
-1;26600;KELP;2023;36;;;;;2026;30;;;;;2024.5;37.681640625
-1;26700;KELP;2023;24;;;;;2025;6;2026;24;;;2024.0;37.8125
-1;26700;RAINFOREST_RESIN;9998;2;9996;1;9995;23;10004;1;10005;23;;;10001.0;156.0
-1;26800;RAINFOREST_RESIN;9996;2;9995;28;;;10004;2;10005;28;;;10000.0;156.0
-1;26800;KELP;2025;1;2023;30;;;2026;30;;;;;2025.5;38.18359375
-1;26900;KELP;2023;29;;;;;2026;30;;;;;2024.5;39.111328125
-1;26900;RAINFOREST_RESIN;10002;1;9995;30;;;10005;30;;;;;10003.5;156.0
-1;27000;RAINFOREST_RESIN;9995;28;;;;;10002;1;10005;28;;;9998.5;158.0
-1;27000;KELP;2023;30;;;;;2026;28;;;;;2024.5;38.966796875
-1;27100;KELP;2023;27;;;;;2026;24;;;;;2024.5;37.8046875
-1;27100;RAINFOREST_RESIN;9995;24;;;;;10005;24;;;;;10000.0;158.0
-1;27200;RAINFOREST_RESIN;9998;2;9995;21;;;10005;21;;;;;10001.5;158.0
-1;27200;KELP;2023;21;;;;;2025;2;2026;21;;;2024.0;38.337890625
-1;27300;KELP;2025;1;2023;31;;;2026;31;;;;;2025.5;37.951171875
-1;27300;RAINFOREST_RESIN;9996;2;9995;29;;;10004;2;10005;29;;;10000.0;158.0
-1;27400;RAINFOREST_RESIN;9995;21;;;;;10005;21;;;;;10000.0;158.0
-1;27400;KELP;2023;21;;;;;2026;21;;;;;2024.5;35.10546875
-1;27500;KELP;2023;23;;;;;2025;6;2026;23;;;2024.0;34.51953125
-1;27500;RAINFOREST_RESIN;9996;1;9995;22;;;10004;1;10005;22;;;10000.0;158.0
-1;27600;RAINFOREST_RESIN;9998;5;9995;24;;;10005;24;;;;;10001.5;158.0
-1;27600;KELP;2023;30;;;;;2026;24;;;;;2024.5;36.16015625
-1;27700;KELP;2023;19;;;;;2026;24;;;;;2024.5;35.5546875
-1;27700;RAINFOREST_RESIN;9995;24;;;;;10005;24;;;;;10000.0;158.0
-1;27800;RAINFOREST_RESIN;9998;9;9996;2;9995;26;10004;2;10005;26;;;10001.0;158.0
-1;27800;KELP;2023;28;;;;;2025;3;2026;28;;;2024.0;33.89453125
-1;27900;KELP;2025;1;2023;29;;;2026;29;;;;;2025.5;34.861328125
-1;27900;RAINFOREST_RESIN;9996;2;9995;27;;;10002;4;10004;2;10005;27;9999.0;158.0
-1;28000;RAINFOREST_RESIN;9998;2;9995;28;;;10005;28;;;;;10001.5;158.0
-1;28000;KELP;2023;28;;;;;2026;28;;;;;2024.5;33.85546875
-1;28100;KELP;2023;26;;;;;2026;26;;;;;2024.5;35.11328125
-1;28100;RAINFOREST_RESIN;9996;2;9995;24;;;10004;2;10005;24;;;10000.0;158.0
-1;28200;RAINFOREST_RESIN;9996;1;9995;25;;;9998;2;10004;1;10005;25;9997.0;158.0
-1;28200;KELP;2023;26;;;;;2025;5;2026;1;2027;25;2024.0;31.908203125
-1;28300;KELP;2023;24;;;;;2024;2;2027;24;;;2023.5;30.998046875
-1;28300;RAINFOREST_RESIN;9996;1;9995;23;;;10004;1;10005;23;;;10000.0;162.0
-1;28400;RAINFOREST_RESIN;9996;2;9995;23;;;10004;2;10005;23;;;10000.0;162.0
-1;28400;KELP;2023;24;;;;;2027;25;;;;;2025.0;33.408203125
-1;28500;KELP;2023;23;;;;;2027;23;;;;;2025.0;31.96875
-1;28500;RAINFOREST_RESIN;9998;10;9995;23;;;10005;23;;;;;10001.5;162.0
-1;28600;RAINFOREST_RESIN;10002;1;9996;2;9995;21;10004;2;10005;21;;;10003.0;162.0
-1;28600;KELP;2023;23;;;;;2025;8;2027;23;;;2024.0;31.8515625
-1;28700;RAINFOREST_RESIN;9995;30;;;;;10005;30;;;;;10000.0;164.0
-1;28700;KELP;2023;30;;;;;2027;30;;;;;2025.0;31.02734375
-1;28800;RAINFOREST_RESIN;9995;27;;;;;10005;27;;;;;10000.0;164.0
-1;28800;KELP;2024;27;;;;;2027;27;;;;;2025.5;28.689453125
-1;28900;KELP;2024;26;;;;;2027;22;;;;;2025.5;24.17578125
-1;28900;RAINFOREST_RESIN;9998;7;9996;1;9995;21;10004;1;10005;21;;;10001.0;164.0
-1;29000;KELP;2024;23;;;;;2027;24;;;;;2025.5;27.265625
-1;29000;RAINFOREST_RESIN;9995;24;;;;;10005;24;;;;;10000.0;164.0
-1;29100;RAINFOREST_RESIN;9996;2;9995;26;;;10004;2;10005;26;;;10000.0;164.0
-1;29100;KELP;2024;31;;;;;2027;28;;;;;2025.5;25.884765625
-1;29200;RAINFOREST_RESIN;9996;1;9995;30;;;10004;1;10005;30;;;10000.0;164.0
-1;29200;KELP;2026;1;2024;31;;;2027;31;;;;;2026.5;26.828125
-1;29300;KELP;2024;32;;;;;2026;2;2027;32;;;2025.0;27.037109375
-1;29300;RAINFOREST_RESIN;9996;2;9995;30;;;10002;3;10004;2;10005;30;9999.0;164.0
-1;29400;KELP;2024;25;;;;;2027;26;;;;;2025.5;26.716796875
-1;29400;RAINFOREST_RESIN;10002;1;9996;1;9995;25;10004;1;10005;25;;;10003.0;164.0
-1;29500;RAINFOREST_RESIN;9996;2;9995;27;;;10004;2;10005;27;;;10000.0;166.0
-1;29500;KELP;2024;31;;;;;2027;29;;;;;2025.5;26.4609375
-1;29600;RAINFOREST_RESIN;9996;2;9995;28;;;10004;2;10005;28;;;10000.0;166.0
-1;29600;KELP;2024;2;2023;28;;;2025;3;2027;30;;;2024.5;30.87890625
-1;29700;KELP;2024;28;;;;;2027;26;;;;;2025.5;25.08203125
-1;29700;RAINFOREST_RESIN;9996;1;9995;25;;;10002;4;10004;1;10005;25;9999.0;166.0
-1;29800;KELP;2024;31;;;;;2026;1;2027;1;2028;30;2025.0;24.146484375
-1;29800;RAINFOREST_RESIN;9998;6;9996;1;9995;30;10004;1;10005;30;;;10001.0;166.0
-1;29900;RAINFOREST_RESIN;9995;21;;;;;10005;21;;;;;10000.0;166.0
-1;29900;KELP;2025;8;2024;21;;;2028;21;;;;;2026.5;23.4765625
-1;30000;RAINFOREST_RESIN;9998;3;9996;1;9995;30;10004;1;10005;30;;;10001.0;166.0
-1;30000;KELP;2024;31;;;;;2028;31;;;;;2026.0;22.416015625
-1;30100;KELP;2024;30;;;;;2027;30;;;;;2025.5;25.326171875
-1;30100;RAINFOREST_RESIN;9996;2;9995;28;;;10004;2;10005;28;;;10000.0;166.0
-1;30200;KELP;2024;22;;;;;2027;22;;;;;2025.5;24.48046875
-1;30200;RAINFOREST_RESIN;9996;2;9995;20;;;10004;2;10005;20;;;10000.0;166.0
-1;30300;RAINFOREST_RESIN;9996;2;9995;29;;;10002;9;10004;2;10005;29;9999.0;166.0
-1;30300;KELP;2026;1;2024;31;;;2027;31;;;;;2026.5;25.939453125
-1;30400;RAINFOREST_RESIN;10000;5;9996;2;9995;29;10002;8;10004;2;10005;29;10001.0;166.0
-1;30400;KELP;2025;5;2024;31;;;2027;31;;;;;2026.0;27.59375
-1;30500;KELP;2024;22;;;;;2027;22;;;;;2025.5;30.384765625
-1;30500;RAINFOREST_RESIN;9998;5;9996;2;9995;20;10004;2;10005;20;;;10001.0;166.0
-1;30600;KELP;2024;1;2023;20;;;2027;22;;;;;2025.5;31.068359375
-1;30600;RAINFOREST_RESIN;9996;2;9995;20;;;10002;4;10004;2;10005;20;9999.0;166.0
-1;30700;RAINFOREST_RESIN;9995;30;;;;;10005;30;;;;;10000.0;166.0
-1;30700;KELP;2024;30;;;;;2027;30;;;;;2025.5;30.380859375
-1;30800;RAINFOREST_RESIN;9996;1;9995;30;;;10004;1;10005;30;;;10000.0;166.0
-1;30800;KELP;2024;4;2023;30;;;2027;31;;;;;2025.5;30.826171875
-1;30900;KELP;2023;30;;;;;2025;7;2026;30;;;2024.0;37.158203125
-1;30900;RAINFOREST_RESIN;9996;2;9995;28;;;10002;6;10004;2;10005;28;9999.0;166.0
-1;31000;KELP;2024;4;2023;30;;;2026;23;;;;;2025.0;34.22021484375
-1;31000;RAINFOREST_RESIN;10000;4;9996;1;9995;22;10004;1;10005;22;;;10002.0;166.0
-1;31100;RAINFOREST_RESIN;9996;2;9995;27;;;10004;2;10005;27;;;10000.0;166.0
-1;31100;KELP;2023;29;;;;;2026;2;2027;27;;;2024.5;33.810546875
-1;31200;RAINFOREST_RESIN;9996;2;9995;29;;;10002;6;10004;2;10005;29;9999.0;166.0
-1;31200;KELP;2023;31;;;;;2026;31;;;;;2024.5;33.93994140625
-1;31300;KELP;2023;24;;;;;2026;24;;;;;2024.5;34.0517578125
-1;31300;RAINFOREST_RESIN;9996;1;9995;23;;;10004;1;10005;23;;;10000.0;166.0
-1;31400;KELP;2023;26;;;;;2026;26;;;;;2024.5;34.86376953125
-1;31400;RAINFOREST_RESIN;9995;26;;;;;9998;1;10005;26;;;9996.5;166.0
-1;31500;RAINFOREST_RESIN;9995;30;;;;;10005;30;;;;;10000.0;168.0
-1;31500;KELP;2023;35;;;;;2026;30;;;;;2024.5;34.62109375
-1;31600;RAINFOREST_RESIN;9995;27;;;;;10005;27;;;;;10000.0;168.0
-1;31600;KELP;2025;1;2023;27;;;2026;27;;;;;2025.5;34.24658203125
-1;31700;KELP;2023;24;;;;;2025;3;2026;24;;;2024.0;34.44921875
-1;31700;RAINFOREST_RESIN;9996;2;9995;22;;;10004;2;10005;22;;;10000.0;168.0
-1;31800;KELP;2024;6;2023;26;;;2026;1;2027;25;;;2025.0;33.6328125
-1;31800;RAINFOREST_RESIN;10000;6;9996;1;9995;25;10004;1;10005;25;;;10002.0;168.0
-1;31900;RAINFOREST_RESIN;9998;3;9995;28;;;10005;28;;;;;10001.5;168.0
-1;31900;KELP;2024;4;2023;28;;;2027;28;;;;;2025.5;33.56640625
-1;32000;RAINFOREST_RESIN;9996;1;9995;24;;;10004;1;10005;24;;;10000.0;168.0
-1;32000;KELP;2024;2;2023;25;;;2026;1;2027;24;;;2025.0;33.8583984375
-1;32100;KELP;2023;29;;;;;2026;29;;;;;2024.5;35.47265625
-1;32100;RAINFOREST_RESIN;9996;1;9995;28;;;10004;1;10005;28;;;10000.0;168.0
-1;32200;KELP;2023;28;;;;;2027;28;;;;;2025.0;33.267578125
-1;32200;RAINFOREST_RESIN;9996;1;9995;27;;;10004;1;10005;27;;;10000.0;168.0
-1;32300;RAINFOREST_RESIN;9995;25;;;;;10005;25;;;;;10000.0;168.0
-1;32300;KELP;2023;25;;;;;2026;25;;;;;2024.5;34.7001953125
-1;32400;RAINFOREST_RESIN;9996;1;9995;30;;;10004;1;10005;30;;;10000.0;168.0
-1;32400;KELP;2023;30;;;;;2026;1;2027;30;;;2024.5;33.9423828125
-1;32500;KELP;2023;21;;;;;2025;5;2027;22;;;2024.0;33.2919921875
-1;32500;RAINFOREST_RESIN;9998;1;9996;1;9995;21;10004;1;10005;21;;;10001.0;168.0
-1;32600;KELP;2023;30;;;;;2027;30;;;;;2025.0;32.98046875
-1;32600;RAINFOREST_RESIN;10002;1;9995;30;;;10005;30;;;;;10003.5;168.0
-1;32700;RAINFOREST_RESIN;9996;2;9995;22;;;10004;2;10005;22;;;10000.0;170.0
-1;32700;KELP;2023;24;;;;;2026;2;2027;22;;;2024.5;33.5869140625
-1;32800;RAINFOREST_RESIN;9996;2;9995;28;;;10004;2;10005;28;;;10000.0;170.0
-1;32800;KELP;2023;30;;;;;2026;2;2027;28;;;2024.5;33.69921875
-1;32900;KELP;2023;29;;;;;2026;2;2027;27;;;2024.5;34.052734375
-1;32900;RAINFOREST_RESIN;9996;2;9995;27;;;10004;2;10005;27;;;10000.0;170.0
-1;33000;KELP;2025;1;2023;30;;;2026;30;;;;;2025.5;34.603515625
-1;33000;RAINFOREST_RESIN;9996;2;9995;28;;;10004;2;10005;28;;;10000.0;170.0
-1;33100;RAINFOREST_RESIN;9996;1;9995;28;;;10004;1;10005;28;;;10000.0;170.0
-1;33100;KELP;2023;28;;;;;2025;3;2026;29;;;2024.0;34.85546875
-1;33200;RAINFOREST_RESIN;9996;1;9995;20;;;10002;7;10004;1;10005;20;9999.0;170.0
-1;33200;KELP;2023;20;;;;;2024;10;2026;1;2027;20;2023.5;33.7705078125
-1;33300;KELP;2024;1;2023;20;;;2027;21;;;;;2025.5;43.7666015625
-1;33300;RAINFOREST_RESIN;9996;1;9995;20;;;10004;1;10005;20;;;10000.0;170.0
-1;33400;KELP;2023;32;;;;;2027;32;;;;;2025.0;43.2666015625
-1;33400;RAINFOREST_RESIN;9996;2;9995;30;;;10002;3;10004;2;10005;30;9999.0;170.0
-1;33500;RAINFOREST_RESIN;9996;1;9995;20;;;10004;1;10005;20;;;10000.0;170.0
-1;33500;KELP;2023;21;;;;;2026;21;;;;;2024.5;41.458984375
-1;33600;RAINFOREST_RESIN;10002;6;9995;27;;;10005;27;;;;;10003.5;170.0
-1;33600;KELP;2023;27;;;;;2026;27;;;;;2024.5;41.19287109375
-1;33700;KELP;2023;32;;;;;2026;28;;;;;2024.5;40.78466796875
-1;33700;RAINFOREST_RESIN;9996;1;9995;27;;;10002;1;10004;1;10005;27;9999.0;182.0
-1;33800;KELP;2024;3;2023;31;;;2026;26;;;;;2025.0;40.16552734375
-1;33800;RAINFOREST_RESIN;9996;1;9995;25;;;10004;1;10005;25;;;10000.0;182.0
-1;33900;RAINFOREST_RESIN;9995;24;;;;;10005;24;;;;;10000.0;182.0
-1;33900;KELP;2023;24;;;;;2026;24;;;;;2024.5;40.78466796875
-1;34000;RAINFOREST_RESIN;10002;1;9995;30;;;10005;30;;;;;10003.5;182.0
-1;34000;KELP;2023;29;;;;;2025;8;2026;30;;;2024.0;40.98095703125
-1;34100;KELP;2023;25;;;;;2026;23;;;;;2024.5;40.4287109375
-1;34100;RAINFOREST_RESIN;9996;1;9995;22;;;10004;1;10005;22;;;10000.0;184.0
-1;34200;KELP;2022;23;;;;;2024;1;2026;23;;;2023.0;39.04541015625
-1;34200;RAINFOREST_RESIN;9995;23;;;;;10005;23;;;;;10000.0;184.0
-1;34300;RAINFOREST_RESIN;10002;1;9996;1;9995;22;10004;1;10005;22;;;10003.0;184.0
-1;34300;KELP;2022;23;;;;;2026;23;;;;;2024.0;38.4951171875
-1;34400;RAINFOREST_RESIN;9996;2;9995;23;;;10004;2;10005;23;;;10000.0;186.0
-1;34400;KELP;2023;3;2022;25;;;2025;2;2026;23;;;2024.0;38.384765625
-1;34500;KELP;2022;30;;;;;2023;5;2024;1;2026;30;2022.5;38.4248046875
-1;34500;RAINFOREST_RESIN;9995;30;;;;;10005;30;;;;;10000.0;186.0
-1;34600;KELP;2022;29;;;;;2023;1;2026;29;;;2022.5;44.78515625
-1;34600;RAINFOREST_RESIN;9995;29;;;;;10005;29;;;;;10000.0;186.0
-1;34700;RAINFOREST_RESIN;9998;6;9995;24;;;10005;24;;;;;10001.5;186.0
-1;34700;KELP;2023;24;;;;;2026;24;;;;;2024.5;47.453125
-1;34800;RAINFOREST_RESIN;9996;2;9995;23;;;10004;2;10005;23;;;10000.0;186.0
-1;34800;KELP;2023;2;2022;23;;;2026;25;;;;;2024.5;46.369140625
-1;34900;KELP;2023;21;;;;;2026;21;;;;;2024.5;47.7109375
-1;34900;RAINFOREST_RESIN;9996;1;9995;20;;;10004;1;10005;20;;;10000.0;186.0
-1;35000;RAINFOREST_RESIN;10002;1;9995;20;;;10005;20;;;;;10003.5;186.0
-1;35000;KELP;2025;1;2023;20;;;2026;20;;;;;2025.5;53.634765625
-1;35100;KELP;2023;31;;;;;2026;31;;;;;2024.5;50.8984375
-1;35100;RAINFOREST_RESIN;10002;3;9996;2;9995;29;10004;2;10005;29;;;10003.0;188.0
-1;35200;RAINFOREST_RESIN;9996;2;9995;28;;;10002;10;10004;2;10005;28;9999.0;194.0
-1;35200;KELP;2023;33;;;;;2026;30;;;;;2024.5;52.59765625
-1;35300;KELP;2023;20;;;;;2026;28;;;;;2024.5;49.25
-1;35300;RAINFOREST_RESIN;9998;6;9996;1;9995;27;10004;1;10005;27;;;10001.0;194.0
-1;35400;RAINFOREST_RESIN;10002;3;9995;25;;;10005;25;;;;;10003.5;194.0
-1;35400;KELP;2025;1;2023;27;;;2026;25;;;;;2025.5;48.8359375
-1;35500;KELP;2023;28;;;;;2026;28;;;;;2024.5;49.912109375
-1;35500;RAINFOREST_RESIN;9996;2;9995;26;;;10004;2;10005;26;;;10000.0;194.0
-1;35600;RAINFOREST_RESIN;9995;26;;;;;10005;26;;;;;10000.0;194.0
-1;35600;KELP;2023;26;;;;;2026;26;;;;;2024.5;49.26171875
-1;35700;KELP;2023;29;;;;;2026;29;;;;;2024.5;50.181640625
-1;35700;RAINFOREST_RESIN;9996;2;9995;27;;;10004;2;10005;27;;;10000.0;194.0
-1;35800;RAINFOREST_RESIN;9998;7;9996;1;9995;30;10004;1;10005;30;;;10001.0;194.0
-1;35800;KELP;2023;29;;;;;2026;31;;;;;2024.5;49.994140625
-1;35900;KELP;2023;2;2022;21;;;2026;23;;;;;2024.5;48.236328125
-1;35900;RAINFOREST_RESIN;9996;2;9995;21;;;10004;2;10005;21;;;10000.0;194.0
-1;36000;RAINFOREST_RESIN;9995;30;;;;;10002;5;10005;30;;;9998.5;194.0
-1;36000;KELP;2022;30;;;;;2024;3;2026;30;;;2023.0;48.2734375
-1;36100;KELP;2022;26;;;;;2025;2;2026;24;;;2023.5;45.361328125
-1;36100;RAINFOREST_RESIN;10002;8;9996;2;9995;24;10004;2;10005;24;;;10003.0;194.0
-1;36200;RAINFOREST_RESIN;9996;1;9995;29;;;9998;1;10004;1;10005;29;9997.0;210.0
-1;36200;KELP;2022;30;;;;;2025;1;2026;29;;;2023.5;45.466796875
-1;36300;KELP;2022;22;;;;;2024;6;2025;22;;;2023.0;44.33203125
-1;36300;RAINFOREST_RESIN;9996;1;9995;21;;;10004;1;10005;21;;;10000.0;212.0
-1;36400;RAINFOREST_RESIN;9998;1;9996;1;9995;20;10004;1;10005;20;;;10001.0;212.0
-1;36400;KELP;2024;1;2023;3;2022;21;2025;1;2026;20;;;2024.5;44.81640625
-1;36500;KELP;2022;25;;;;;2023;2;2025;25;;;2022.5;43.095703125
-1;36500;RAINFOREST_RESIN;9995;25;;;;;10005;25;;;;;10000.0;212.0
-1;36600;RAINFOREST_RESIN;9996;1;9995;28;;;10004;1;10005;28;;;10000.0;212.0
-1;36600;KELP;2022;29;;;;;2025;29;;;;;2023.5;45.8046875
-1;36700;KELP;2021;21;;;;;2025;21;;;;;2023.0;34.330078125
-1;36700;RAINFOREST_RESIN;9995;21;;;;;10005;21;;;;;10000.0;212.0
-1;36800;RAINFOREST_RESIN;9995;30;;;;;10005;30;;;;;10000.0;212.0
-1;36800;KELP;2021;30;;;;;2025;30;;;;;2023.0;35.3203125
-1;36900;KELP;2021;27;;;;;2024;27;;;;;2022.5;27.134765625
-1;36900;RAINFOREST_RESIN;9996;1;9995;26;;;10004;1;10005;26;;;10000.0;212.0
-1;37000;RAINFOREST_RESIN;9996;2;9995;23;;;10004;2;10005;23;;;10000.0;212.0
-1;37000;KELP;2020;25;;;;;2024;25;;;;;2022.0;22.189453125
-1;37100;KELP;2021;27;;;;;2024;23;;;;;2022.5;30.466796875
-1;37100;RAINFOREST_RESIN;9996;2;9995;21;;;10004;2;10005;21;;;10000.0;212.0
-1;37200;RAINFOREST_RESIN;9996;1;9995;20;;;10004;1;10005;20;;;10000.0;212.0
-1;37200;KELP;2021;25;;;;;2024;21;;;;;2022.5;29.66796875
-1;37300;KELP;2022;4;2021;28;;;2024;1;2025;27;;;2023.0;33.55078125
-1;37300;RAINFOREST_RESIN;9996;1;9995;27;;;9998;10;10002;4;10004;1;9997.0;212.0
-1;37400;RAINFOREST_RESIN;10002;1;9998;2;9995;30;10005;30;;;;;10003.5;232.0
-1;37400;KELP;2021;30;;;;;2024;30;;;;;2022.5;32.26171875
-1;37500;KELP;2020;27;;;;;2024;27;;;;;2022.0;23.005859375
-1;37500;RAINFOREST_RESIN;9996;2;9995;25;;;10004;2;10005;25;;;10000.0;234.0
-1;37600;KELP;2020;22;;;;;2024;22;;;;;2022.0;21.1484375
-1;37600;RAINFOREST_RESIN;9995;22;;;;;10002;7;10005;22;;;9998.5;234.0
-1;37700;RAINFOREST_RESIN;9996;1;9995;23;;;10004;1;10005;23;;;10000.0;234.0
-1;37700;KELP;2020;24;;;;;2024;24;;;;;2022.0;21.681640625
-1;37800;RAINFOREST_RESIN;9995;25;;;;;10005;25;;;;;10000.0;234.0
-1;37800;KELP;2020;24;;;;;2024;25;;;;;2022.0;20.400390625
-1;37900;KELP;2019;25;;;;;2023;25;;;;;2021.0;9.94140625
-1;37900;RAINFOREST_RESIN;9995;25;;;;;10005;25;;;;;10000.0;234.0
-1;38000;KELP;2019;32;;;;;2021;4;2023;32;;;2020.0;9.826171875
-1;38000;RAINFOREST_RESIN;10002;1;9996;2;9995;30;10004;2;10005;30;;;10003.0;234.0
-1;38100;RAINFOREST_RESIN;9996;2;9995;26;;;10002;2;10004;2;10005;26;9999.0;236.0
-1;38100;KELP;2019;28;;;;;2022;2;2023;26;;;2020.5;7.30859375
-1;38200;RAINFOREST_RESIN;9996;1;9995;27;;;10004;1;10005;27;;;10000.0;236.0
-1;38200;KELP;2019;28;;;;;2023;28;;;;;2021.0;11.6796875
-1;38300;KELP;2019;26;;;;;2022;26;;;;;2020.5;5.5625
-1;38300;RAINFOREST_RESIN;9998;5;9995;26;;;10005;26;;;;;10001.5;236.0
-1;38400;KELP;2019;24;;;;;2020;6;2022;24;;;2019.5;4.83203125
-1;38400;RAINFOREST_RESIN;9996;1;9995;23;;;10000;6;10004;1;10005;23;9998.0;236.0
-1;38500;RAINFOREST_RESIN;10002;1;9995;21;;;10005;21;;;;;10003.5;236.0
-1;38500;KELP;2019;21;;;;;2022;21;;;;;2020.5;5.83203125
-1;38600;RAINFOREST_RESIN;9996;2;9995;28;;;10004;2;10005;28;;;10000.0;238.0
-1;38600;KELP;2019;30;;;;;2022;30;;;;;2020.5;7.05078125
-1;38700;KELP;2019;20;;;;;2022;20;;;;;2020.5;8.0546875
-1;38700;RAINFOREST_RESIN;9995;20;;;;;10005;20;;;;;10000.0;238.0
-1;38800;KELP;2019;21;;;;;2020;2;2021;1;2022;21;2019.5;8.109375
-1;38800;RAINFOREST_RESIN;9996;1;9995;20;;;10002;1;10004;1;10005;20;9999.0;238.0
-1;38900;RAINFOREST_RESIN;9996;2;9995;30;;;10004;2;10005;30;;;10000.0;238.0
-1;38900;KELP;2019;32;;;;;2021;7;2022;2;2023;30;2020.0;12.95703125
-1;39000;RAINFOREST_RESIN;9995;23;;;;;10002;9;10005;23;;;9998.5;238.0
-1;39000;KELP;2019;23;;;;;2023;23;;;;;2021.0;17.89453125
-1;39100;KELP;2020;25;;;;;2023;25;;;;;2021.5;29.33203125
-1;39100;RAINFOREST_RESIN;9998;8;9996;1;9995;24;10004;1;10005;24;;;10001.0;238.0
-1;39200;KELP;2020;30;;;;;2022;2;2023;30;;;2021.0;31.95703125
-1;39200;RAINFOREST_RESIN;9996;1;9995;29;;;10004;1;10005;29;;;10000.0;238.0
-1;39300;RAINFOREST_RESIN;9995;27;;;;;10005;27;;;;;10000.0;238.0
-1;39300;KELP;2020;27;;;;;2023;27;;;;;2021.5;35.70703125
-1;39400;RAINFOREST_RESIN;9996;1;9995;30;;;10004;1;10005;30;;;10000.0;238.0
-1;39400;KELP;2020;31;;;;;2022;5;2023;31;;;2021.0;27.02734375
-1;39500;KELP;2019;27;;;;;2021;3;2022;27;;;2020.0;6.95703125
-1;39500;RAINFOREST_RESIN;9995;27;;;;;9998;1;10002;2;10005;27;9996.5;238.0
-1;39600;KELP;2021;4;2019;23;;;2023;23;;;;;2022.0;15.2734375
-1;39600;RAINFOREST_RESIN;9995;23;;;;;10005;23;;;;;10000.0;240.0
-1;39700;RAINFOREST_RESIN;9996;2;9995;22;;;10004;2;10005;22;;;10000.0;240.0
-1;39700;KELP;2019;28;;;;;2022;2;2023;22;;;2020.5;13.10546875
-1;39800;RAINFOREST_RESIN;9996;1;9995;27;;;10004;1;10005;27;;;10000.0;240.0
-1;39800;KELP;2019;28;;;;;2022;1;2023;27;;;2020.5;12.9453125
-1;39900;KELP;2019;31;;;;;2022;31;;;;;2020.5;6.125
-1;39900;RAINFOREST_RESIN;9996;1;9995;30;;;10002;4;10004;1;10005;30;9999.0;240.0
-1;40000;KELP;2018;22;;;;;2022;22;;;;;2020.0;-2.31640625
-1;40000;RAINFOREST_RESIN;9995;22;;;;;10005;22;;;;;10000.0;240.0
-1;40100;RAINFOREST_RESIN;9996;2;9995;29;;;10002;8;10004;2;10005;29;9999.0;240.0
-1;40100;KELP;2019;31;;;;;2022;31;;;;;2020.5;5.7578125
-1;40200;RAINFOREST_RESIN;9996;1;9995;28;;;10004;1;10005;28;;;10000.0;240.0
-1;40200;KELP;2019;1;2018;28;;;2022;29;;;;;2020.5;-2.75
-1;40300;KELP;2019;22;;;;;2022;22;;;;;2020.5;0.7109375
-1;40300;RAINFOREST_RESIN;9995;22;;;;;9998;1;10005;22;;;9996.5;240.0
-1;40400;KELP;2018;24;;;;;2022;24;;;;;2020.0;-5.484375
-1;40400;RAINFOREST_RESIN;9996;1;9995;23;;;10004;1;10005;23;;;10000.0;242.0
-1;40500;RAINFOREST_RESIN;10002;1;9996;2;9995;27;10004;2;10005;27;;;10003.0;242.0
-1;40500;KELP;2019;1;2018;27;;;2022;29;;;;;2020.5;-3.671875
-1;40600;RAINFOREST_RESIN;9996;2;9995;24;;;10004;2;10005;24;;;10000.0;244.0
-1;40600;KELP;2019;4;2018;26;;;2022;26;;;;;2020.5;-7.0625
-1;40700;KELP;2018;22;;;;;2021;22;;;;;2019.5;-21.140625
-1;40700;RAINFOREST_RESIN;9998;7;9996;2;9995;20;10004;2;10005;20;;;10001.0;244.0
-1;40800;KELP;2018;27;;;;;2021;27;;;;;2019.5;-15.33203125
-1;40800;RAINFOREST_RESIN;9995;27;;;;;10005;27;;;;;10000.0;244.0
-1;40900;RAINFOREST_RESIN;9998;10;9996;2;9995;26;10004;2;10005;26;;;10001.0;244.0
-1;40900;KELP;2017;28;;;;;2021;28;;;;;2019.0;-30.125
-1;41000;RAINFOREST_RESIN;9995;21;;;;;10002;10;10005;21;;;9998.5;244.0
-1;41000;KELP;2018;20;;;;;2020;3;2021;21;;;2019.0;-17.08984375
-1;41100;KELP;2018;24;;;;;2021;27;;;;;2019.5;-18.28515625
-1;41100;RAINFOREST_RESIN;9995;27;;;;;10005;27;;;;;10000.0;244.0
-1;41200;KELP;2018;29;;;;;2021;29;;;;;2019.5;-18.6484375
-1;41200;RAINFOREST_RESIN;9995;29;;;;;10005;29;;;;;10000.0;244.0
-1;41300;RAINFOREST_RESIN;9998;2;9996;1;9995;24;10004;1;10005;24;;;10001.0;244.0
-1;41300;KELP;2017;25;;;;;2019;4;2021;25;;;2018.0;-31.8671875
-1;41400;RAINFOREST_RESIN;9998;5;9996;2;9995;23;10000;4;10004;2;10005;23;9999.0;244.0
-1;41400;KELP;2017;25;;;;;2018;4;2019;5;2020;25;2017.5;-49.31640625
-1;41500;KELP;2017;22;;;;;2019;1;2021;22;;;2018.0;-30.15625
-1;41500;RAINFOREST_RESIN;9998;8;9996;2;9995;20;10004;2;10005;20;;;10001.0;244.0
-1;41600;KELP;2017;23;;;;;2019;7;2020;1;2021;22;2018.0;-32.20703125
-1;41600;RAINFOREST_RESIN;9996;1;9995;22;;;10004;1;10005;22;;;10000.0;244.0
-1;41700;RAINFOREST_RESIN;10000;5;9995;21;;;10005;21;;;;;10002.5;244.0
-1;41700;KELP;2019;4;2017;21;;;2021;21;;;;;2020.0;-26.81640625
-1;41800;RAINFOREST_RESIN;9996;2;9995;22;;;10004;2;10005;22;;;10000.0;244.0
-1;41800;KELP;2018;24;;;;;2021;24;;;;;2019.5;-16.5390625
-1;41900;KELP;2018;22;;;;;2020;1;2021;22;;;2019.0;-15.27734375
-1;41900;RAINFOREST_RESIN;9996;1;9995;21;;;9998;4;10004;1;10005;21;9997.0;244.0
-1;42000;KELP;2018;31;;;;;2020;5;2021;32;;;2019.0;-10.6953125
-1;42000;RAINFOREST_RESIN;9996;2;9995;30;;;10004;2;10005;30;;;10000.0;252.0
-1;42100;RAINFOREST_RESIN;9998;8;9996;2;9995;21;10004;2;10005;21;;;10001.0;252.0
-1;42100;KELP;2018;23;;;;;2021;2;2022;21;;;2019.5;-7.47265625
-1;42200;RAINFOREST_RESIN;10002;1;9995;28;;;10005;28;;;;;10003.5;252.0
-1;42200;KELP;2018;28;;;;;2022;28;;;;;2020.0;-6.33203125
-1;42300;KELP;2018;20;;;;;2019;7;2020;2;2022;20;2018.5;-5.08203125
-1;42300;RAINFOREST_RESIN;9995;20;;;;;10005;20;;;;;10000.0;254.0
-1;42400;KELP;2019;30;;;;;2022;31;;;;;2020.5;12.6484375
-1;42400;RAINFOREST_RESIN;9996;2;9995;29;;;10004;2;10005;29;;;10000.0;254.0
-1;42500;RAINFOREST_RESIN;9995;24;;;;;10002;3;10005;24;;;9998.5;254.0
-1;42500;KELP;2019;24;;;;;2022;24;;;;;2020.5;11.765625
-1;42600;RAINFOREST_RESIN;9995;26;;;;;10005;26;;;;;10000.0;254.0
-1;42600;KELP;2019;26;;;;;2022;26;;;;;2020.5;14.9296875
-1;42700;KELP;2018;26;;;;;2022;26;;;;;2020.0;4.51171875
-1;42700;RAINFOREST_RESIN;9995;26;;;;;10005;26;;;;;10000.0;254.0
-1;42800;KELP;2019;30;;;;;2022;30;;;;;2020.5;12.3046875
-1;42800;RAINFOREST_RESIN;9995;30;;;;;10005;30;;;;;10000.0;254.0
-1;42900;RAINFOREST_RESIN;9995;25;;;;;10005;25;;;;;10000.0;254.0
-1;42900;KELP;2019;25;;;;;2022;25;;;;;2020.5;19.6796875
-1;43000;RAINFOREST_RESIN;9995;23;;;;;10005;23;;;;;10000.0;254.0
-1;43000;KELP;2020;2;2019;23;;;2023;23;;;;;2021.5;35.26171875
-1;43100;KELP;2020;21;;;;;2023;21;;;;;2021.5;46.7109375
-1;43100;RAINFOREST_RESIN;9995;21;;;;;10005;21;;;;;10000.0;254.0
-1;43200;KELP;2019;21;;;;;2023;21;;;;;2021.0;38.71875
-1;43200;RAINFOREST_RESIN;9996;1;9995;20;;;10004;1;10005;20;;;10000.0;254.0
-1;43300;RAINFOREST_RESIN;9996;1;9995;24;;;10004;1;10005;24;;;10000.0;254.0
-1;43300;KELP;2019;25;;;;;2021;2;2023;25;;;2020.0;38.5390625
-1;43400;RAINFOREST_RESIN;9996;2;9995;22;;;10004;2;10005;22;;;10000.0;254.0
-1;43400;KELP;2021;4;2020;24;;;2023;24;;;;;2022.0;43.09765625
-1;43500;KELP;2020;22;;;;;2022;7;2023;23;;;2021.0;45.37890625
-1;43500;RAINFOREST_RESIN;9998;7;9995;23;;;10005;23;;;;;10001.5;254.0
-1;43600;KELP;2020;5;2019;21;;;2023;23;;;;;2021.5;41.33984375
-1;43600;RAINFOREST_RESIN;9996;2;9995;21;;;10002;9;10004;2;10005;21;9999.0;254.0
-1;43700;KELP;2020;24;;;;;2023;24;;;;;2021.5;44.3046875
-1;43700;RAINFOREST_RESIN;9996;1;9995;23;;;10004;1;10005;23;;;10000.0;254.0
-1;43800;RAINFOREST_RESIN;9996;2;9995;26;;;10004;2;10005;26;;;10000.0;254.0
-1;43800;KELP;2020;35;;;;;2023;28;;;;;2021.5;49.15625
-1;43900;KELP;2020;36;;;;;2023;30;;;;;2021.5;43.29296875
-1;43900;RAINFOREST_RESIN;10002;4;9998;2;9996;1;10004;1;10005;29;;;10003.0;254.0
-1;44000;RAINFOREST_RESIN;9996;2;9995;20;;;10004;2;10005;20;;;10000.0;262.0
-1;44000;KELP;2020;22;;;;;2022;3;2023;22;;;2021.0;49.6015625
-1;44100;KELP;2019;24;;;;;2023;24;;;;;2021.0;33.88671875
-1;44100;RAINFOREST_RESIN;9995;24;;;;;9998;1;10002;2;10005;24;9996.5;262.0
-1;44200;RAINFOREST_RESIN;9995;21;;;;;10005;21;;;;;10000.0;264.0
-1;44200;KELP;2019;21;;;;;2023;21;;;;;2021.0;32.34765625
-1;44300;KELP;2019;27;;;;;2023;27;;;;;2021.0;34.5546875
-1;44300;RAINFOREST_RESIN;9995;27;;;;;10005;27;;;;;10000.0;264.0
-1;44400;RAINFOREST_RESIN;9998;7;9995;28;;;10005;28;;;;;10001.5;264.0
-1;44400;KELP;2018;28;;;;;2022;28;;;;;2020.0;8.328125
-1;44500;KELP;2021;1;2019;2;2018;21;2022;21;;;;;2021.5;9.6875
-1;44500;RAINFOREST_RESIN;9995;21;;;;;10005;21;;;;;10000.0;264.0
-1;44600;RAINFOREST_RESIN;9996;1;9995;23;;;10004;1;10005;23;;;10000.0;264.0
-1;44600;KELP;2019;24;;;;;2022;24;;;;;2020.5;16.10546875
-1;44700;KELP;2019;29;;;;;2022;29;;;;;2020.5;14.66015625
-1;44700;RAINFOREST_RESIN;9995;29;;;;;10002;10;10005;29;;;9998.5;264.0
-1;44800;RAINFOREST_RESIN;9995;29;;;;;9998;1;10002;10;10005;29;9996.5;264.0
-1;44800;KELP;2018;29;;;;;2022;29;;;;;2020.0;8.4375
-1;44900;KELP;2019;1;2018;26;;;2022;26;;;;;2020.5;6.15625
-1;44900;RAINFOREST_RESIN;9996;1;9995;25;;;10004;1;10005;25;;;10000.0;266.0
-1;45000;RAINFOREST_RESIN;10002;1;9996;2;9995;24;10004;2;10005;24;;;10003.0;266.0
-1;45000;KELP;2018;26;;;;;2022;26;;;;;2020.0;6.765625
-1;45100;KELP;2019;27;;;;;2021;5;2022;27;;;2020.0;13.5
-1;45100;RAINFOREST_RESIN;9996;1;9995;26;;;10004;1;10005;26;;;10000.0;268.0
-1;45200;RAINFOREST_RESIN;9996;1;9995;28;;;10004;1;10005;28;;;10000.0;268.0
-1;45200;KELP;2019;29;;;;;2021;6;2022;29;;;2020.0;12.10546875
-1;45300;KELP;2018;26;;;;;2021;22;;;;;2019.5;-3.453125
-1;45300;RAINFOREST_RESIN;9995;22;;;;;10005;22;;;;;10000.0;268.0
-1;45400;RAINFOREST_RESIN;9996;2;9995;21;;;9998;1;10004;2;10005;21;9997.0;268.0
-1;45400;KELP;2018;22;;;;;2020;2;2021;23;;;2019.0;-12.78515625
-1;45500;KELP;2018;25;;;;;2019;3;2021;25;;;2018.5;-10.09765625
-1;45500;RAINFOREST_RESIN;9996;1;9995;24;;;10000;3;10004;1;10005;24;9998.0;270.0
-1;45600;RAINFOREST_RESIN;9995;26;;;;;10002;5;10005;26;;;9998.5;270.0
-1;45600;KELP;2018;33;;;;;2021;26;;;;;2019.5;-5.21875
-1;45700;KELP;2018;24;;;;;2021;24;;;;;2019.5;-4.7578125
-1;45700;RAINFOREST_RESIN;9995;24;;;;;10005;24;;;;;10000.0;270.0
-1;45800;RAINFOREST_RESIN;9996;1;9995;27;;;10004;1;10005;27;;;10000.0;270.0
-1;45800;KELP;2018;27;;;;;2021;28;;;;;2019.5;-2.578125
-1;45900;KELP;2019;4;2018;31;;;2022;31;;;;;2020.5;6.765625
-1;45900;RAINFOREST_RESIN;9996;1;9995;30;;;10004;1;10005;30;;;10000.0;270.0
-1;46000;RAINFOREST_RESIN;9996;2;9995;24;;;10004;2;10005;24;;;10000.0;270.0
-1;46000;KELP;2019;2;2018;24;;;2022;26;;;;;2020.5;14.8359375
-1;46100;KELP;2019;25;;;;;2022;25;;;;;2020.5;17.6640625
-1;46100;RAINFOREST_RESIN;9998;6;9996;2;9995;23;10004;2;10005;23;;;10001.0;270.0
-1;46200;RAINFOREST_RESIN;9998;2;9996;1;9995;27;10004;1;10005;27;;;10001.0;270.0
-1;46200;KELP;2018;28;;;;;2021;1;2022;27;;;2019.5;3.2265625
-1;46300;KELP;2018;29;;;;;2021;29;;;;;2019.5;-4.9921875
-1;46300;RAINFOREST_RESIN;9996;2;9995;27;;;10004;2;10005;27;;;10000.0;270.0
-1;46400;RAINFOREST_RESIN;9995;22;;;;;10005;22;;;;;10000.0;270.0
-1;46400;KELP;2018;22;;;;;2022;22;;;;;2020.0;2.390625
-1;46500;KELP;2019;6;2018;31;;;2021;31;;;;;2020.0;0.453125
-1;46500;RAINFOREST_RESIN;10000;6;9996;1;9995;30;10004;1;10005;30;;;10002.0;270.0
-1;46600;KELP;2019;3;2018;28;;;2021;1;2022;27;;;2020.0;3.4765625
-1;46600;RAINFOREST_RESIN;9998;10;9996;1;9995;27;10004;1;10005;27;;;10001.0;270.0
-1;46700;RAINFOREST_RESIN;9995;26;;;;;10005;26;;;;;10000.0;270.0
-1;46700;KELP;2019;26;;;;;2022;26;;;;;2020.5;16.375
-1;46800;RAINFOREST_RESIN;9996;1;9995;21;;;10004;1;10005;21;;;10000.0;270.0
-1;46800;KELP;2019;22;;;;;2022;22;;;;;2020.5;24.8046875
-1;46900;KELP;2021;1;2019;32;;;2022;32;;;;;2021.5;17.265625
-1;46900;RAINFOREST_RESIN;9996;2;9995;30;;;10004;2;10005;30;;;10000.0;270.0
-1;47000;KELP;2019;21;;;;;2022;21;;;;;2020.5;20.4375
-1;47000;RAINFOREST_RESIN;9996;1;9995;20;;;10004;1;10005;20;;;10000.0;270.0
-1;47100;RAINFOREST_RESIN;9996;2;9995;24;;;9998;1;10004;2;10005;24;9997.0;270.0
-1;47100;KELP;2019;22;;;;;2022;26;;;;;2020.5;18.0234375
-1;47200;RAINFOREST_RESIN;10002;1;9996;2;9995;28;10004;2;10005;28;;;10003.0;272.0
-1;47200;KELP;2019;30;;;;;2022;30;;;;;2020.5;18.9375
-1;47300;KELP;2019;25;;;;;2021;1;2022;25;;;2020.0;21.5703125
-1;47300;RAINFOREST_RESIN;10002;1;9998;3;9995;25;10005;25;;;;;10003.5;274.0
-1;47400;KELP;2019;25;;;;;2022;24;;;;;2020.5;28.0078125
-1;47400;RAINFOREST_RESIN;9995;24;;;;;10002;9;10005;24;;;9998.5;276.0
-1;47500;RAINFOREST_RESIN;9995;30;;;;;10002;1;10005;30;;;9998.5;276.0
-1;47500;KELP;2019;30;;;;;2021;6;2022;30;;;2020.0;27.2734375
-1;47600;RAINFOREST_RESIN;9996;1;9995;27;;;10004;1;10005;27;;;10000.0;276.0
-1;47600;KELP;2019;28;;;;;2022;28;;;;;2020.5;32.984375
-1;47700;KELP;2019;23;;;;;2022;23;;;;;2020.5;34.296875
-1;47700;RAINFOREST_RESIN;9996;1;9995;22;;;10002;8;10004;1;10005;22;9999.0;276.0
-1;47800;KELP;2019;23;;;;;2022;1;2023;22;;;2020.5;36.0
-1;47800;RAINFOREST_RESIN;9996;1;9995;22;;;10002;8;10004;1;10005;22;9999.0;276.0
-1;47900;RAINFOREST_RESIN;10002;1;9995;27;;;10005;27;;;;;10003.5;276.0
-1;47900;KELP;2019;27;;;;;2023;27;;;;;2021.0;36.5625
-1;48000;RAINFOREST_RESIN;9995;27;;;;;10005;27;;;;;10000.0;278.0
-1;48000;KELP;2019;27;;;;;2023;27;;;;;2021.0;35.9375
-1;48100;KELP;2019;22;;;;;2022;21;;;;;2020.5;29.9921875
-1;48100;RAINFOREST_RESIN;9995;21;;;;;10002;9;10005;21;;;9998.5;278.0
-1;48200;KELP;2019;25;;;;;2022;25;;;;;2020.5;28.1640625
-1;48200;RAINFOREST_RESIN;9998;5;9995;25;;;10005;25;;;;;10001.5;278.0
-1;48300;RAINFOREST_RESIN;9996;1;9995;28;;;9998;1;10000;5;10004;1;9997.0;278.0
-1;48300;KELP;2018;29;;;;;2019;5;2022;29;;;2018.5;6.1015625
-1;48400;RAINFOREST_RESIN;9995;27;;;;;10002;7;10005;27;;;9998.5;280.0
-1;48400;KELP;2019;1;2018;27;;;2022;27;;;;;2020.5;15.765625
-1;48500;KELP;2019;1;2018;29;;;2022;29;;;;;2020.5;13.78125
-1;48500;RAINFOREST_RESIN;9995;29;;;;;9998;1;10005;29;;;9996.5;280.0
-1;48600;KELP;2019;1;2018;29;;;2022;29;;;;;2020.5;14.453125
-1;48600;RAINFOREST_RESIN;9996;1;9995;28;;;10004;1;10005;28;;;10000.0;282.0
-1;48700;RAINFOREST_RESIN;9996;1;9995;22;;;10004;1;10005;22;;;10000.0;282.0
-1;48700;KELP;2018;23;;;;;2022;23;;;;;2020.0;12.015625
-1;48800;RAINFOREST_RESIN;9996;1;9995;23;;;10004;1;10005;23;;;10000.0;282.0
-1;48800;KELP;2019;29;;;;;2022;24;;;;;2020.5;23.2109375
-1;48900;KELP;2019;34;;;;;2022;27;;;;;2020.5;27.5234375
-1;48900;RAINFOREST_RESIN;9995;27;;;;;10005;27;;;;;10000.0;282.0
-1;49000;KELP;2019;39;;;;;2022;32;;;;;2020.5;24.0859375
-1;49000;RAINFOREST_RESIN;9996;2;9995;30;;;10004;2;10005;30;;;10000.0;282.0
-1;49100;RAINFOREST_RESIN;9996;2;9995;30;;;10004;2;10005;30;;;10000.0;282.0
-1;49100;KELP;2019;40;;;;;2022;32;;;;;2020.5;34.640625
-1;49200;RAINFOREST_RESIN;9996;1;9995;20;;;10004;1;10005;20;;;10000.0;282.0
-1;49200;KELP;2019;21;;;;;2022;21;;;;;2020.5;26.171875
-1;49300;KELP;2019;21;;;;;2022;22;;;;;2020.5;30.8828125
-1;49300;RAINFOREST_RESIN;9998;9;9996;1;9995;21;10004;1;10005;21;;;10001.0;282.0
-1;49400;KELP;2021;9;2020;5;2019;20;2022;20;;;;;2021.5;25.71875
-1;49400;RAINFOREST_RESIN;9995;20;;;;;10005;20;;;;;10000.0;282.0
-1;49500;RAINFOREST_RESIN;9996;2;9995;30;;;10004;2;10005;30;;;10000.0;282.0
-1;49500;KELP;2019;40;;;;;2022;32;;;;;2020.5;37.26953125
-1;49600;RAINFOREST_RESIN;9995;24;;;;;10005;24;;;;;10000.0;282.0
-1;49600;KELP;2021;1;2019;24;;;2022;24;;;;;2021.5;42.05078125
-1;49700;KELP;2019;28;;;;;2022;28;;;;;2020.5;41.01953125
-1;49700;RAINFOREST_RESIN;9998;7;9996;2;9995;26;10004;2;10005;26;;;10001.0;282.0
-1;49800;KELP;2019;25;;;;;2020;5;2023;25;;;2019.5;53.92578125
-1;49800;RAINFOREST_RESIN;9996;2;9995;23;;;10004;2;10005;23;;;10000.0;282.0
-1;49900;RAINFOREST_RESIN;9998;3;9995;23;;;10005;23;;;;;10001.5;282.0
-1;49900;KELP;2019;23;;;;;2023;23;;;;;2021.0;55.6015625
-1;50000;RAINFOREST_RESIN;9996;1;9995;20;;;10004;1;10005;20;;;10000.0;282.0
-1;50000;KELP;2019;21;;;;;2022;1;2023;20;;;2020.5;52.078125
-1;50100;KELP;2019;24;;;;;2021;2;2022;24;;;2020.0;47.828125
-1;50100;RAINFOREST_RESIN;9995;24;;;;;10005;24;;;;;10000.0;282.0
-1;50200;KELP;2019;24;;;;;2023;24;;;;;2021.0;57.828125
-1;50200;RAINFOREST_RESIN;9995;24;;;;;10005;24;;;;;10000.0;282.0
-1;50300;RAINFOREST_RESIN;9995;30;;;;;10002;10;10005;30;;;9998.5;282.0
-1;50300;KELP;2019;30;;;;;2023;30;;;;;2021.0;60.890625
-1;50400;RAINFOREST_RESIN;9998;4;9996;1;9995;22;10000;2;10004;1;10005;22;9999.0;282.0
-1;50400;KELP;2019;23;;;;;2021;3;2023;23;;;2020.0;60.265625
-1;50500;KELP;2019;25;;;;;2023;25;;;;;2021.0;59.140625
-1;50500;RAINFOREST_RESIN;9996;2;9995;23;;;10004;2;10005;23;;;10000.0;282.0
-1;50600;KELP;2019;21;;;;;2020;6;2023;23;;;2019.5;61.6953125
-1;50600;RAINFOREST_RESIN;10002;1;9996;2;9995;21;10004;2;10005;21;;;10003.0;282.0
-1;50700;RAINFOREST_RESIN;9996;2;9995;22;;;10004;2;10005;22;;;10000.0;284.0
-1;50700;KELP;2020;24;;;;;2023;24;;;;;2021.5;71.40625
-1;50800;RAINFOREST_RESIN;10002;5;9996;2;9995;22;10004;2;10005;22;;;10003.0;284.0
-1;50800;KELP;2022;1;2020;24;;;2023;24;;;;;2022.5;76.8671875
-1;50900;KELP;2020;28;;;;;2022;4;2023;28;;;2021.0;79.9140625
-1;50900;RAINFOREST_RESIN;9996;1;9995;27;;;10004;1;10005;27;;;10000.0;294.0
-1;51000;KELP;2020;28;;;;;2023;28;;;;;2021.5;76.5078125
-1;51000;RAINFOREST_RESIN;9996;2;9995;26;;;10004;2;10005;26;;;10000.0;294.0
-1;51100;RAINFOREST_RESIN;9998;6;9996;1;9995;25;10004;1;10005;25;;;10001.0;294.0
-1;51100;KELP;2020;26;;;;;2023;26;;;;;2021.5;83.7890625
-1;51200;RAINFOREST_RESIN;9996;2;9995;28;;;10004;2;10005;28;;;10000.0;294.0
-1;51200;KELP;2020;30;;;;;2023;30;;;;;2021.5;79.1171875
-1;51300;KELP;2020;25;;;;;2023;25;;;;;2021.5;92.3828125
-1;51300;RAINFOREST_RESIN;9996;1;9995;24;;;10004;1;10005;24;;;10000.0;294.0
-1;51400;KELP;2020;30;;;;;2023;30;;;;;2021.5;84.71875
-1;51400;RAINFOREST_RESIN;9995;30;;;;;10002;3;10005;30;;;9998.5;294.0
-1;51500;RAINFOREST_RESIN;9995;30;;;;;10005;30;;;;;10000.0;294.0
-1;51500;KELP;2022;1;2020;30;;;2023;30;;;;;2022.5;83.84375
-1;51600;RAINFOREST_RESIN;10000;5;9996;2;9995;22;10002;1;10004;2;10005;22;10001.0;294.0
-1;51600;KELP;2021;5;2020;24;;;2023;24;;;;;2022.0;86.140625
-1;51700;KELP;2020;16;;;;;2023;20;;;;;2021.5;80.4921875
-1;51700;RAINFOREST_RESIN;9995;20;;;;;10005;20;;;;;10000.0;294.0
-1;51800;KELP;2020;1;2019;24;;;2023;25;;;;;2021.5;72.5859375
-1;51800;RAINFOREST_RESIN;9996;1;9995;24;;;10004;1;10005;24;;;10000.0;294.0
-1;51900;RAINFOREST_RESIN;9996;1;9995;23;;;10004;1;10005;23;;;10000.0;294.0
-1;51900;KELP;2021;4;2019;24;;;2023;24;;;;;2022.0;65.4453125
-1;52000;RAINFOREST_RESIN;9998;3;9995;29;;;10005;29;;;;;10001.5;294.0
-1;52000;KELP;2019;29;;;;;2021;6;2023;29;;;2020.0;69.546875
-1;52100;KELP;2019;21;;;;;2023;21;;;;;2021.0;71.1484375
-1;52100;RAINFOREST_RESIN;9995;21;;;;;10005;21;;;;;10000.0;294.0
-1;52200;KELP;2019;31;;;;;2023;31;;;;;2021.0;63.7734375
-1;52200;RAINFOREST_RESIN;9996;2;9995;29;;;10004;2;10005;29;;;10000.0;294.0
-1;52300;RAINFOREST_RESIN;10002;1;9996;1;9995;27;10004;1;10005;27;;;10003.0;294.0
-1;52300;KELP;2022;1;2019;28;;;2023;28;;;;;2022.5;68.046875
-1;52400;RAINFOREST_RESIN;9998;3;9996;1;9995;29;10004;1;10005;29;;;10001.0;296.0
-1;52400;KELP;2020;30;;;;;2023;30;;;;;2021.5;87.359375
-1;52500;KELP;2022;1;2020;28;;;2023;28;;;;;2022.5;85.0546875
-1;52500;RAINFOREST_RESIN;9996;1;9995;27;;;9998;1;10004;1;10005;27;9997.0;296.0
-1;52600;RAINFOREST_RESIN;9998;1;9996;1;9995;22;10000;4;10004;1;10005;22;9999.0;298.0
-1;52600;KELP;2020;1;2019;22;;;2021;4;2023;23;;;2020.5;71.640625
-1;52700;KELP;2019;26;;;;;2023;27;;;;;2021.0;65.171875
-1;52700;RAINFOREST_RESIN;9996;2;9995;25;;;10004;2;10005;25;;;10000.0;298.0
-1;52800;RAINFOREST_RESIN;9995;26;;;;;10005;26;;;;;10000.0;298.0
-1;52800;KELP;2019;26;;;;;2023;26;;;;;2021.0;76.21875
-1;52900;KELP;2020;30;;;;;2023;30;;;;;2021.5;77.6875
-1;52900;RAINFOREST_RESIN;9995;30;;;;;10005;30;;;;;10000.0;298.0
-1;53000;RAINFOREST_RESIN;10002;1;9996;1;9995;20;10004;1;10005;20;;;10003.0;298.0
-1;53000;KELP;2020;21;;;;;2023;21;;;;;2021.5;84.8984375
-1;53100;KELP;2019;24;;;;;2023;24;;;;;2021.0;69.1328125
-1;53100;RAINFOREST_RESIN;9995;24;;;;;10005;24;;;;;10000.0;300.0
-1;53200;RAINFOREST_RESIN;9996;1;9995;30;;;10004;1;10005;30;;;10000.0;300.0
-1;53200;KELP;2022;1;2019;31;;;2023;31;;;;;2022.5;71.125
-1;53300;KELP;2020;29;;;;;2023;29;;;;;2021.5;78.8359375
-1;53300;RAINFOREST_RESIN;9995;29;;;;;10005;29;;;;;10000.0;300.0
-1;53400;RAINFOREST_RESIN;9998;6;9996;2;9995;23;10004;2;10005;23;;;10001.0;300.0
-1;53400;KELP;2020;25;;;;;2023;25;;;;;2021.5;88.640625
-1;53500;KELP;2020;23;;;;;2023;23;;;;;2021.5;83.484375
-1;53500;RAINFOREST_RESIN;9996;2;9995;21;;;10002;1;10004;2;10005;21;9999.0;300.0
-1;53600;RAINFOREST_RESIN;9995;24;;;;;9998;9;10005;24;;;9996.5;300.0
-1;53600;KELP;2020;24;;;;;2023;24;;;;;2021.5;78.25
-1;53700;KELP;2019;30;;;;;2023;30;;;;;2021.0;73.1328125
-1;53700;RAINFOREST_RESIN;9998;1;9995;30;;;10005;30;;;;;10001.5;318.0
-1;53800;RAINFOREST_RESIN;10002;3;9995;30;;;10005;30;;;;;10003.5;318.0
-1;53800;KELP;2019;30;;;;;2023;30;;;;;2021.0;72.21875
-1;53900;KELP;2019;27;;;;;2023;27;;;;;2021.0;69.5625
-1;53900;RAINFOREST_RESIN;9996;2;9995;25;;;10004;2;10005;25;;;10000.0;324.0
-1;54000;RAINFOREST_RESIN;9998;6;9996;1;9995;30;10004;1;10005;30;;;10001.0;324.0
-1;54000;KELP;2020;31;;;;;2022;1;2023;31;;;2021.0;85.28125
-1;54100;KELP;2020;24;;;;;2022;2;2023;24;;;2021.0;83.53125
-1;54100;RAINFOREST_RESIN;9998;2;9996;2;9995;22;10004;2;10005;22;;;10001.0;324.0
-1;54200;RAINFOREST_RESIN;9995;28;;;;;10005;28;;;;;10000.0;324.0
-1;54200;KELP;2020;28;;;;;2023;28;;;;;2021.5;82.296875
-1;54300;KELP;2022;1;2019;25;;;2023;25;;;;;2022.5;67.6484375
-1;54300;RAINFOREST_RESIN;9996;2;9995;23;;;10004;2;10005;23;;;10000.0;324.0
-1;54400;RAINFOREST_RESIN;9995;29;;;;;10005;29;;;;;10000.0;324.0
-1;54400;KELP;2019;29;;;;;2022;29;;;;;2020.5;58.6875
-1;54500;KELP;2019;21;;;;;2022;21;;;;;2020.5;54.546875
-1;54500;RAINFOREST_RESIN;9996;1;9995;20;;;10004;1;10005;20;;;10000.0;324.0
-1;54600;RAINFOREST_RESIN;10002;3;9995;27;;;10005;27;;;;;10003.5;324.0
-1;54600;KELP;2019;27;;;;;2023;27;;;;;2021.0;60.140625
-1;54700;KELP;2019;29;;;;;2020;4;2022;29;;;2019.5;58.5
-1;54700;RAINFOREST_RESIN;9996;2;9995;27;;;10004;2;10005;27;;;10000.0;330.0
-1;54800;RAINFOREST_RESIN;9998;8;9995;27;;;10005;27;;;;;10001.5;330.0
-1;54800;KELP;2019;27;;;;;2021;1;2022;27;;;2020.0;59.9375
-1;54900;KELP;2019;29;;;;;2022;29;;;;;2020.5;57.484375
-1;54900;RAINFOREST_RESIN;9996;1;9995;28;;;10002;3;10004;1;10005;28;9999.0;330.0
-1;55000;RAINFOREST_RESIN;9996;2;9995;28;;;10002;8;10004;2;10005;28;9999.0;330.0
-1;55000;KELP;2019;36;;;;;2022;30;;;;;2020.5;47.0
-1;55100;KELP;2019;37;;;;;2022;29;;;;;2020.5;39.8046875
-1;55100;RAINFOREST_RESIN;9995;29;;;;;10005;29;;;;;10000.0;330.0
-1;55200;RAINFOREST_RESIN;9996;2;9995;21;;;10004;2;10005;21;;;10000.0;330.0
-1;55200;KELP;2018;21;;;;;2019;3;2020;8;2022;23;2018.5;33.546875
-1;55300;RAINFOREST_RESIN;9996;2;9995;27;;;9998;1;10002;2;10004;2;9997.0;330.0
-1;55300;KELP;2018;29;;;;;2022;29;;;;;2020.0;32.4375
-1;55400;RAINFOREST_RESIN;9998;3;9996;1;9995;21;10004;1;10005;21;;;10001.0;332.0
-1;55400;KELP;2019;2;2018;22;;;2022;22;;;;;2020.5;33.9609375
-1;55500;KELP;2021;1;2019;4;2018;25;2022;25;;;;;2021.5;37.6875
-1;55500;RAINFOREST_RESIN;9995;25;;;;;10002;9;10005;25;;;9998.5;332.0
-1;55600;KELP;2019;3;2018;26;;;2022;26;;;;;2020.5;36.0859375
-1;55600;RAINFOREST_RESIN;9995;26;;;;;10005;26;;;;;10000.0;332.0
-1;55700;RAINFOREST_RESIN;9996;2;9995;21;;;10004;2;10005;21;;;10000.0;332.0
-1;55700;KELP;2019;25;;;;;2022;23;;;;;2020.5;40.5
-1;55800;RAINFOREST_RESIN;9998;6;9996;1;9995;26;10004;1;10005;26;;;10001.0;332.0
-1;55800;KELP;2018;27;;;;;2022;27;;;;;2020.0;35.03125
-1;55900;KELP;2018;22;;;;;2022;22;;;;;2020.0;25.875
-1;55900;RAINFOREST_RESIN;9995;22;;;;;10005;22;;;;;10000.0;332.0
-1;56000;KELP;2018;24;;;;;2019;3;2021;2;2022;22;2018.5;21.46875
-1;56000;RAINFOREST_RESIN;9996;2;9995;22;;;10002;10;10004;2;10005;22;9999.0;332.0
-1;56100;RAINFOREST_RESIN;9996;2;9995;20;;;10004;2;10005;20;;;10000.0;332.0
-1;56100;KELP;2019;22;;;;;2022;22;;;;;2020.5;47.5234375
-1;56200;RAINFOREST_RESIN;9996;1;9995;29;;;10004;1;10005;29;;;10000.0;332.0
-1;56200;KELP;2020;2;2018;30;;;2022;30;;;;;2021.0;36.09375
-1;56300;KELP;2019;6;2018;27;;;2022;27;;;;;2020.5;34.78125
-1;56300;RAINFOREST_RESIN;10002;1;9996;2;9995;25;10004;2;10005;25;;;10003.0;332.0
-1;56400;KELP;2018;31;;;;;2022;31;;;;;2020.0;32.71875
-1;56400;RAINFOREST_RESIN;9996;1;9995;30;;;10004;1;10005;30;;;10000.0;334.0
-1;56500;RAINFOREST_RESIN;9996;2;9995;27;;;10004;2;10005;27;;;10000.0;334.0
-1;56500;KELP;2018;29;;;;;2022;29;;;;;2020.0;31.265625
-1;56600;RAINFOREST_RESIN;9996;2;9995;29;;;10002;4;10004;2;10005;29;9999.0;334.0
-1;56600;KELP;2019;2;2018;29;;;2022;31;;;;;2020.5;38.7578125
-1;56700;KELP;2020;6;2018;26;;;2022;26;;;;;2021.0;28.7265625
-1;56700;RAINFOREST_RESIN;9998;3;9996;2;9995;24;10000;2;10004;2;10005;24;9999.0;334.0
-1;56800;KELP;2018;24;;;;;2021;2;2022;22;;;2019.5;23.4921875
-1;56800;RAINFOREST_RESIN;10002;1;9998;10;9996;2;10004;2;10005;22;;;10003.0;334.0
-1;56900;RAINFOREST_RESIN;9996;2;9995;20;;;10004;2;10005;20;;;10000.0;336.0
-1;56900;KELP;2018;24;;;;;2021;22;;;;;2019.5;11.5625
-1;57000;RAINFOREST_RESIN;9996;1;9995;27;;;10004;1;10005;27;;;10000.0;336.0
-1;57000;KELP;2018;28;;;;;2020;8;2021;28;;;2019.0;-5.0546875
-1;57100;KELP;2017;27;;;;;2020;27;;;;;2018.5;-31.546875
-1;57100;RAINFOREST_RESIN;9996;2;9995;25;;;10004;2;10005;25;;;10000.0;336.0
-1;57200;KELP;2019;1;2017;27;;;2020;27;;;;;2019.5;-39.3671875
-1;57200;RAINFOREST_RESIN;10002;2;9996;1;9995;26;10004;1;10005;26;;;10003.0;336.0
-1;57300;RAINFOREST_RESIN;9996;1;9995;26;;;10002;9;10004;1;10005;26;9999.0;340.0
-1;57300;KELP;2017;27;;;;;2020;27;;;;;2018.5;-34.265625
-1;57400;RAINFOREST_RESIN;9995;24;;;;;10005;24;;;;;10000.0;340.0
-1;57400;KELP;2017;24;;;;;2019;2;2020;24;;;2018.0;-38.9609375
-1;57500;KELP;2019;5;2017;30;;;2020;25;;;;;2019.5;-38.1484375
-1;57500;RAINFOREST_RESIN;9998;5;9996;2;9995;23;10004;2;10005;23;;;10001.0;340.0
-1;57600;KELP;2017;24;;;;;2020;24;;;;;2018.5;-32.8125
-1;57600;RAINFOREST_RESIN;9995;24;;;;;10005;24;;;;;10000.0;340.0
-1;57700;RAINFOREST_RESIN;9995;29;;;;;10005;29;;;;;10000.0;340.0
-1;57700;KELP;2017;29;;;;;2020;29;;;;;2018.5;-33.5234375
-1;57800;RAINFOREST_RESIN;9998;1;9996;2;9995;29;10004;2;10005;29;;;10001.0;340.0
-1;57800;KELP;2017;31;;;;;2020;2;2021;29;;;2018.5;-24.25
-1;57900;KELP;2017;27;;;;;2018;6;2019;5;2020;2;2017.5;-27.4765625
-1;57900;RAINFOREST_RESIN;9996;2;9995;25;;;9998;1;10000;6;10004;2;9997.0;340.0
-1;58000;KELP;2017;29;;;;;2020;1;2021;24;;;2018.5;-24.109375
-1;58000;RAINFOREST_RESIN;9996;1;9995;24;;;9998;4;10004;1;10005;24;9997.0;342.0
-1;58100;RAINFOREST_RESIN;9995;23;;;;;10005;23;;;;;10000.0;350.0
-1;58100;KELP;2017;23;;;;;2020;23;;;;;2018.5;-39.484375
-1;58200;RAINFOREST_RESIN;9996;1;9995;30;;;10004;1;10005;30;;;10000.0;350.0
-1;58200;KELP;2017;31;;;;;2020;31;;;;;2018.5;-36.359375
-1;58300;KELP;2017;29;;;;;2020;29;;;;;2018.5;-38.78125
-1;58300;RAINFOREST_RESIN;9995;29;;;;;10005;29;;;;;10000.0;350.0
-1;58400;KELP;2016;23;;;;;2018;1;2019;23;;;2017.0;-93.5625
-1;58400;RAINFOREST_RESIN;9996;2;9995;21;;;10004;2;10005;21;;;10000.0;350.0
-1;58500;RAINFOREST_RESIN;9995;21;;;;;10002;1;10005;21;;;9998.5;350.0
-1;58500;KELP;2016;21;;;;;2019;21;;;;;2017.5;-102.2109375
-1;58600;RAINFOREST_RESIN;10002;1;9995;25;;;10005;25;;;;;10003.5;350.0
-1;58600;KELP;2015;25;;;;;2017;7;2019;25;;;2016.0;-115.0390625
-1;58700;KELP;2015;34;;;;;2018;32;;;;;2016.5;-128.46875
-1;58700;RAINFOREST_RESIN;9996;2;9995;30;;;10004;2;10005;30;;;10000.0;352.0
-1;58800;KELP;2015;29;;;;;2019;29;;;;;2017.0;-116.5390625
-1;58800;RAINFOREST_RESIN;9995;29;;;;;10002;1;10005;29;;;9998.5;352.0
-1;58900;RAINFOREST_RESIN;9996;1;9995;24;;;10004;1;10005;24;;;10000.0;352.0
-1;58900;KELP;2015;25;;;;;2019;25;;;;;2017.0;-109.2734375
-1;59000;RAINFOREST_RESIN;9996;2;9995;20;;;10004;2;10005;20;;;10000.0;352.0
-1;59000;KELP;2016;22;;;;;2019;22;;;;;2017.5;-95.15625
-1;59100;KELP;2016;34;;;;;2019;27;;;;;2017.5;-83.59375
-1;59100;RAINFOREST_RESIN;9995;27;;;;;10005;27;;;;;10000.0;352.0
-1;59200;KELP;2016;31;;;;;2020;31;;;;;2018.0;-60.390625
-1;59200;RAINFOREST_RESIN;9998;4;9996;2;9995;29;10004;2;10005;29;;;10001.0;352.0
-1;59300;RAINFOREST_RESIN;9996;1;9995;26;;;10004;1;10005;26;;;10000.0;352.0
-1;59300;KELP;2016;26;;;;;2018;2;2019;27;;;2017.0;-81.90625
-1;59400;RAINFOREST_RESIN;9996;1;9995;21;;;10004;1;10005;21;;;10000.0;352.0
-1;59400;KELP;2015;22;;;;;2019;22;;;;;2017.0;-109.8046875
-1;59500;KELP;2015;23;;;;;2019;23;;;;;2017.0;-105.1640625
-1;59500;RAINFOREST_RESIN;10002;5;9995;23;;;10005;23;;;;;10003.5;352.0
-1;59600;KELP;2016;29;;;;;2019;29;;;;;2017.5;-99.3359375
-1;59600;RAINFOREST_RESIN;9996;2;9995;27;;;10004;2;10005;27;;;10000.0;362.0
-1;59700;RAINFOREST_RESIN;9995;21;;;;;10005;21;;;;;10000.0;362.0
-1;59700;KELP;2015;21;;;;;2018;21;;;;;2016.5;-141.1796875
-1;59800;RAINFOREST_RESIN;9996;1;9995;24;;;10004;1;10005;24;;;10000.0;362.0
-1;59800;KELP;2015;25;;;;;2018;25;;;;;2016.5;-135.3984375
-1;59900;KELP;2015;24;;;;;2018;24;;;;;2016.5;-141.5703125
-1;59900;RAINFOREST_RESIN;9996;1;9995;23;;;10002;6;10004;1;10005;23;9999.0;362.0
-1;60000;KELP;2015;22;;;;;2018;22;;;;;2016.5;-136.5078125
-1;60000;RAINFOREST_RESIN;9998;3;9995;22;;;10005;22;;;;;10001.5;362.0
-1;60100;RAINFOREST_RESIN;9996;2;9995;25;;;10004;2;10005;25;;;10000.0;362.0
-1;60100;KELP;2015;27;;;;;2018;27;;;;;2016.5;-140.46875
-1;60200;RAINFOREST_RESIN;9995;25;;;;;10005;25;;;;;10000.0;362.0
-1;60200;KELP;2016;3;2015;25;;;2018;25;;;;;2017.0;-151.8984375
-1;60300;KELP;2015;28;;;;;2018;28;;;;;2016.5;-153.3359375
-1;60300;RAINFOREST_RESIN;9996;1;9995;27;;;10004;1;10005;27;;;10000.0;362.0
-1;60400;KELP;2015;1;2014;20;;;2018;21;;;;;2016.5;-158.0078125
-1;60400;RAINFOREST_RESIN;9996;1;9995;20;;;9998;1;10004;1;10005;20;9997.0;362.0
-1;60500;RAINFOREST_RESIN;9996;1;9995;23;;;10004;1;10005;23;;;10000.0;364.0
-1;60500;KELP;2015;24;;;;;2018;24;;;;;2016.5;-131.7890625
-1;60600;RAINFOREST_RESIN;9996;2;9995;22;;;10004;2;10005;22;;;10000.0;364.0
-1;60600;KELP;2015;26;;;;;2018;24;;;;;2016.5;-133.21875
-1;60700;KELP;2015;22;;;;;2017;5;2018;22;;;2016.0;-133.609375
-1;60700;RAINFOREST_RESIN;9995;22;;;;;10005;22;;;;;10000.0;364.0
-1;60800;KELP;2015;31;;;;;2018;32;;;;;2016.5;-132.9296875
-1;60800;RAINFOREST_RESIN;10002;10;9996;2;9995;30;10004;2;10005;30;;;10003.0;364.0
-1;60900;RAINFOREST_RESIN;9996;2;9995;29;;;10004;2;10005;29;;;10000.0;384.0
-1;60900;KELP;2015;28;;;;;2017;4;2018;31;;;2016.0;-144.734375
-1;61000;RAINFOREST_RESIN;9995;28;;;;;10005;28;;;;;10000.0;384.0
-1;61000;KELP;2015;28;;;;;2018;28;;;;;2016.5;-138.2109375
-1;61100;KELP;2015;29;;;;;2017;3;2018;29;;;2016.0;-152.6953125
-1;61100;RAINFOREST_RESIN;9995;29;;;;;10005;29;;;;;10000.0;384.0
-1;61200;KELP;2015;22;;;;;2016;2;2018;22;;;2015.5;-140.3984375
-1;61200;RAINFOREST_RESIN;9998;9;9996;1;9995;21;10000;2;10004;1;10005;21;9999.0;384.0
-1;61300;RAINFOREST_RESIN;9996;1;9995;22;;;10004;1;10005;22;;;10000.0;384.0
-1;61300;KELP;2015;23;;;;;2018;23;;;;;2016.5;-127.125
-1;61400;RAINFOREST_RESIN;9996;1;9995;30;;;10004;1;10005;30;;;10000.0;384.0
-1;61400;KELP;2015;31;;;;;2018;1;2019;30;;;2016.5;-122.171875
-1;61500;KELP;2015;29;;;;;2018;29;;;;;2016.5;-141.5546875
-1;61500;RAINFOREST_RESIN;9996;2;9995;27;;;10004;2;10005;27;;;10000.0;384.0
-1;61600;RAINFOREST_RESIN;9996;2;9995;28;;;10004;2;10005;28;;;10000.0;384.0
-1;61600;KELP;2015;30;;;;;2017;5;2018;30;;;2016.0;-152.1796875
-1;61700;KELP;2014;26;;;;;2016;7;2017;27;;;2015.0;-187.6640625
-1;61700;RAINFOREST_RESIN;9996;1;9995;26;;;10004;1;10005;26;;;10000.0;384.0
-1;61800;RAINFOREST_RESIN;9995;20;;;;;10005;20;;;;;10000.0;384.0
-1;61800;KELP;2015;20;;;;;2018;20;;;;;2016.5;-150.0625
-1;61900;KELP;2014;26;;;;;2017;26;;;;;2015.5;-183.640625
-1;61900;RAINFOREST_RESIN;9995;26;;;;;9998;1;10005;26;;;9996.5;384.0
-1;62000;RAINFOREST_RESIN;9995;20;;;;;10005;20;;;;;10000.0;386.0
-1;62000;KELP;2016;1;2014;20;;;2017;20;;;;;2016.5;-180.8359375
-1;62100;KELP;2014;25;;;;;2017;25;;;;;2015.5;-177.453125
-1;62100;RAINFOREST_RESIN;9996;2;9995;23;;;10004;2;10005;23;;;10000.0;386.0
-1;62200;RAINFOREST_RESIN;9995;25;;;;;10002;3;10005;25;;;9998.5;386.0
-1;62200;KELP;2014;25;;;;;2017;25;;;;;2015.5;-184.09375
-1;62300;KELP;2014;22;;;;;2017;22;;;;;2015.5;-179.015625
-1;62300;RAINFOREST_RESIN;9995;22;;;;;10005;22;;;;;10000.0;386.0
-1;62400;RAINFOREST_RESIN;9996;2;9995;23;;;10004;2;10005;23;;;10000.0;386.0
-1;62400;KELP;2014;25;;;;;2016;8;2018;25;;;2015.0;-158.9609375
-1;62500;KELP;2015;3;2014;23;;;2018;24;;;;;2016.5;-157.6484375
-1;62500;RAINFOREST_RESIN;9996;1;9995;23;;;10004;1;10005;23;;;10000.0;386.0
-1;62600;RAINFOREST_RESIN;9995;29;;;;;10005;29;;;;;10000.0;386.0
-1;62600;KELP;2015;29;;;;;2018;29;;;;;2016.5;-135.3671875
-1;62700;KELP;2015;26;;;;;2018;26;;;;;2016.5;-137.3203125
-1;62700;RAINFOREST_RESIN;9996;2;9995;24;;;10004;2;10005;24;;;10000.0;386.0
-1;62800;RAINFOREST_RESIN;9995;26;;;;;10005;26;;;;;10000.0;386.0
-1;62800;KELP;2015;25;;;;;2017;1;2019;26;;;2016.0;-119.453125
-1;62900;KELP;2016;29;;;;;2018;1;2019;29;;;2017.0;-93.4453125
-1;62900;RAINFOREST_RESIN;9996;2;9995;27;;;9998;4;10004;2;10005;27;9997.0;386.0
-1;63000;RAINFOREST_RESIN;9995;29;;;;;10005;29;;;;;10000.0;394.0
-1;63000;KELP;2016;29;;;;;2018;4;2019;29;;;2017.0;-90.75
-1;63100;KELP;2016;25;;;;;2020;26;;;;;2018.0;-68.3671875
-1;63100;RAINFOREST_RESIN;9996;2;9995;24;;;10004;2;10005;24;;;10000.0;394.0
-1;63200;RAINFOREST_RESIN;9995;28;;;;;10005;28;;;;;10000.0;394.0
-1;63200;KELP;2016;28;;;;;2020;28;;;;;2018.0;-66.6328125
-1;63300;KELP;2016;32;;;;;2019;2;2020;30;;;2017.5;-72.625
-1;63300;RAINFOREST_RESIN;9996;2;9995;30;;;10004;2;10005;30;;;10000.0;394.0
-1;63400;RAINFOREST_RESIN;9996;2;9995;24;;;10004;2;10005;24;;;10000.0;394.0
-1;63400;KELP;2018;3;2016;26;;;2020;26;;;;;2019.0;-69.6484375
-1;63500;KELP;2016;22;;;;;2019;20;;;;;2017.5;-76.4453125
-1;63500;RAINFOREST_RESIN;9998;8;9995;20;;;10005;20;;;;;10001.5;394.0
-1;63600;RAINFOREST_RESIN;9995;21;;;;;10005;21;;;;;10000.0;394.0
-1;63600;KELP;2018;1;2016;21;;;2019;21;;;;;2018.5;-80.6171875
-1;63700;KELP;2017;8;2016;30;;;2019;2;2020;28;;;2018.0;-72.2734375
-1;63700;RAINFOREST_RESIN;9996;2;9995;28;;;10002;6;10004;2;10005;28;9999.0;394.0
-1;63800;RAINFOREST_RESIN;9996;1;9995;21;;;10004;1;10005;21;;;10000.0;394.0
-1;63800;KELP;2016;21;;;;;2018;7;2020;22;;;2017.0;-67.421875
-1;63900;KELP;2016;21;;;;;2018;6;2020;21;;;2017.0;-74.3984375
-1;63900;RAINFOREST_RESIN;9995;21;;;;;10005;21;;;;;10000.0;394.0
-1;64000;RAINFOREST_RESIN;9998;6;9995;30;;;10005;30;;;;;10001.5;394.0
-1;64000;KELP;2016;30;;;;;2019;30;;;;;2017.5;-78.8671875
-1;64100;KELP;2016;27;;;;;2019;27;;;;;2017.5;-78.84375
-1;64100;RAINFOREST_RESIN;9995;27;;;;;10002;6;10005;27;;;9998.5;394.0
-1;64200;KELP;2015;25;;;;;2018;25;;;;;2016.5;-125.34375
-1;64200;RAINFOREST_RESIN;9996;1;9995;24;;;10004;1;10005;24;;;10000.0;394.0
-1;64300;RAINFOREST_RESIN;9998;7;9996;1;9995;22;10004;1;10005;22;;;10001.0;394.0
-1;64300;KELP;2015;23;;;;;2018;23;;;;;2016.5;-137.015625
-1;64400;RAINFOREST_RESIN;9998;8;9996;2;9995;27;10004;2;10005;27;;;10001.0;394.0
-1;64400;KELP;2015;31;;;;;2018;29;;;;;2016.5;-134.03125
-1;64500;KELP;2015;29;;;;;2017;6;2018;29;;;2016.0;-129.703125
-1;64500;RAINFOREST_RESIN;9998;5;9996;2;9995;27;10004;2;10005;27;;;10001.0;394.0
-1;64600;KELP;2015;26;;;;;2018;26;;;;;2016.5;-134.4296875
-1;64600;RAINFOREST_RESIN;9995;26;;;;;10005;26;;;;;10000.0;394.0
-1;64700;RAINFOREST_RESIN;9995;28;;;;;10005;28;;;;;10000.0;394.0
-1;64700;KELP;2015;28;;;;;2018;28;;;;;2016.5;-148.1015625
-1;64800;RAINFOREST_RESIN;9996;2;9995;30;;;10004;2;10005;30;;;10000.0;394.0
-1;64800;KELP;2015;2;2014;30;;;2018;32;;;;;2016.5;-149.1015625
-1;64900;KELP;2015;31;;;;;2017;3;2018;31;;;2016.0;-148.109375
-1;64900;RAINFOREST_RESIN;9996;2;9995;29;;;10004;2;10005;29;;;10000.0;394.0
-1;65000;KELP;2015;25;;;;;2018;25;;;;;2016.5;-133.171875
-1;65000;RAINFOREST_RESIN;9995;25;;;;;9998;1;10005;25;;;9996.5;394.0
-1;65100;RAINFOREST_RESIN;9996;2;9995;23;;;10004;2;10005;23;;;10000.0;396.0
-1;65100;KELP;2015;25;;;;;2018;25;;;;;2016.5;-138.2109375
-1;65200;RAINFOREST_RESIN;9998;8;9995;29;;;10005;29;;;;;10001.5;396.0
-1;65200;KELP;2017;1;2015;29;;;2019;29;;;;;2018.0;-113.8671875
-1;65300;KELP;2015;21;;;;;2017;2;2018;21;;;2016.0;-129.3125
-1;65300;RAINFOREST_RESIN;9995;21;;;;;10002;3;10005;21;;;9998.5;396.0
-1;65400;KELP;2015;28;;;;;2016;3;2018;28;;;2015.5;-124.78125
-1;65400;RAINFOREST_RESIN;9996;2;9995;26;;;10000;3;10004;2;10005;26;9998.0;396.0
-1;65500;RAINFOREST_RESIN;9996;2;9995;27;;;10004;2;10005;27;;;10000.0;396.0
-1;65500;KELP;2015;36;;;;;2018;29;;;;;2016.5;-132.5390625
-1;65600;RAINFOREST_RESIN;9998;5;9995;20;;;10005;20;;;;;10001.5;396.0
-1;65600;KELP;2015;20;;;;;2019;20;;;;;2017.0;-117.109375
-1;65700;KELP;2014;29;;;;;2018;29;;;;;2016.0;-149.515625
-1;65700;RAINFOREST_RESIN;9995;29;;;;;10005;29;;;;;10000.0;396.0
-1;65800;KELP;2015;20;;;;;2017;7;2018;20;;;2016.0;-145.046875
-1;65800;RAINFOREST_RESIN;9998;9;9995;20;;;10005;20;;;;;10001.5;396.0
-1;65900;RAINFOREST_RESIN;9996;1;9995;23;;;10004;1;10005;23;;;10000.0;396.0
-1;65900;KELP;2015;29;;;;;2018;24;;;;;2016.5;-135.609375
-1;66000;RAINFOREST_RESIN;9998;4;9996;2;9995;22;10004;2;10005;22;;;10001.0;396.0
-1;66000;KELP;2015;24;;;;;2018;24;;;;;2016.5;-134.5859375
-1;66100;KELP;2015;27;;;;;2018;27;;;;;2016.5;-129.265625
-1;66100;RAINFOREST_RESIN;9996;1;9995;26;;;9998;1;10004;1;10005;26;9997.0;396.0
-1;66200;KELP;2016;5;2015;20;;;2019;20;;;;;2017.5;-109.640625
-1;66200;RAINFOREST_RESIN;10002;1;10000;5;9995;20;10005;20;;;;;10003.5;398.0
-1;66300;RAINFOREST_RESIN;9996;1;9995;24;;;10004;1;10005;24;;;10000.0;400.0
-1;66300;KELP;2018;1;2016;2;2015;25;2019;25;;;;;2018.5;-105.265625
-1;66400;RAINFOREST_RESIN;9995;21;;;;;9998;3;10005;21;;;9996.5;400.0
-1;66400;KELP;2015;21;;;;;2019;21;;;;;2017.0;-100.125
-1;66500;KELP;2015;22;;;;;2019;22;;;;;2017.0;-102.9921875
-1;66500;RAINFOREST_RESIN;9996;2;9995;20;;;10004;2;10005;20;;;10000.0;406.0
-1;66600;KELP;2015;22;;;;;2017;3;2019;22;;;2016.0;-113.90625
-1;66600;RAINFOREST_RESIN;9995;22;;;;;10005;22;;;;;10000.0;406.0
-1;66700;RAINFOREST_RESIN;9998;9;9995;27;;;10005;27;;;;;10001.5;406.0
-1;66700;KELP;2014;27;;;;;2018;27;;;;;2016.0;-158.6640625
-1;66800;RAINFOREST_RESIN;9995;30;;;;;10005;30;;;;;10000.0;406.0
-1;66800;KELP;2014;30;;;;;2018;30;;;;;2016.0;-153.734375
-1;66900;KELP;2017;1;2015;4;2014;23;2018;23;;;;;2017.5;-151.2109375
-1;66900;RAINFOREST_RESIN;9998;4;9995;23;;;10005;23;;;;;10001.5;406.0
-1;67000;KELP;2015;25;;;;;2018;25;;;;;2016.5;-141.8515625
-1;67000;RAINFOREST_RESIN;9996;1;9995;24;;;10004;1;10005;24;;;10000.0;406.0
-1;67100;RAINFOREST_RESIN;9995;23;;;;;10005;23;;;;;10000.0;406.0
-1;67100;KELP;2015;23;;;;;2018;23;;;;;2016.5;-145.359375
-1;67200;RAINFOREST_RESIN;9996;2;9995;20;;;10002;3;10004;2;10005;20;9999.0;406.0
-1;67200;KELP;2015;21;;;;;2018;22;;;;;2016.5;-135.7265625
-1;67300;KELP;2015;31;;;;;2018;30;;;;;2016.5;-133.171875
-1;67300;RAINFOREST_RESIN;9995;30;;;;;9998;3;10005;30;;;9996.5;406.0
-1;67400;KELP;2015;26;;;;;2018;26;;;;;2016.5;-118.78125
-1;67400;RAINFOREST_RESIN;9998;4;9996;1;9995;25;10004;1;10005;25;;;10001.0;412.0
-1;67500;RAINFOREST_RESIN;9995;21;;;;;10005;21;;;;;10000.0;412.0
-1;67500;KELP;2015;20;;;;;2018;21;;;;;2016.5;-122.71875
-1;67600;RAINFOREST_RESIN;9996;2;9995;25;;;10004;2;10005;25;;;10000.0;412.0
-1;67600;KELP;2015;27;;;;;2018;27;;;;;2016.5;-125.265625
-1;67700;KELP;2015;33;;;;;2018;30;;;;;2016.5;-121.3046875
-1;67700;RAINFOREST_RESIN;9996;1;9995;29;;;10004;1;10005;29;;;10000.0;412.0
-1;67800;KELP;2015;38;;;;;2018;30;;;;;2016.5;-138.4453125
-1;67800;RAINFOREST_RESIN;9998;3;9995;30;;;10005;30;;;;;10001.5;412.0
-1;67900;RAINFOREST_RESIN;9995;25;;;;;10005;25;;;;;10000.0;412.0
-1;67900;KELP;2015;25;;;;;2018;25;;;;;2016.5;-123.109375
-1;68000;RAINFOREST_RESIN;9996;2;9995;21;;;10004;2;10005;21;;;10000.0;412.0
-1;68000;KELP;2015;23;;;;;2018;23;;;;;2016.5;-121.1015625
-1;68100;KELP;2015;31;;;;;2017;4;2018;31;;;2016.0;-145.0625
-1;68100;RAINFOREST_RESIN;9996;2;9995;29;;;10004;2;10005;29;;;10000.0;412.0
-1;68200;KELP;2017;1;2015;31;;;2018;31;;;;;2017.5;-133.6875
-1;68200;RAINFOREST_RESIN;9996;2;9995;29;;;10004;2;10005;29;;;10000.0;412.0
-1;68300;RAINFOREST_RESIN;9996;1;9995;28;;;10004;1;10005;28;;;10000.0;412.0
-1;68300;KELP;2017;1;2015;29;;;2018;29;;;;;2017.5;-138.6953125
-1;68400;RAINFOREST_RESIN;9996;2;9995;26;;;10004;2;10005;26;;;10000.0;412.0
-1;68400;KELP;2015;28;;;;;2018;28;;;;;2016.5;-130.90625
-1;68500;KELP;2015;23;;;;;2018;23;;;;;2016.5;-126.890625
-1;68500;RAINFOREST_RESIN;9995;23;;;;;10002;5;10005;23;;;9998.5;412.0
-1;68600;KELP;2015;24;;;;;2018;25;;;;;2016.5;-128.578125
-1;68600;RAINFOREST_RESIN;9996;1;9995;24;;;10004;1;10005;24;;;10000.0;412.0
-1;68700;RAINFOREST_RESIN;9996;1;9995;27;;;10004;1;10005;27;;;10000.0;412.0
-1;68700;KELP;2015;28;;;;;2018;28;;;;;2016.5;-120.625
-1;68800;RAINFOREST_RESIN;9995;22;;;;;9998;1;10005;22;;;9996.5;412.0
-1;68800;KELP;2015;22;;;;;2018;22;;;;;2016.5;-126.4140625
-1;68900;KELP;2017;1;2015;28;;;2018;28;;;;;2017.5;-145.078125
-1;68900;RAINFOREST_RESIN;9996;1;9995;27;;;10004;1;10005;27;;;10000.0;414.0
-1;69000;KELP;2015;30;;;;;2018;30;;;;;2016.5;-124.0625
-1;69000;RAINFOREST_RESIN;9996;2;9995;28;;;10004;2;10005;28;;;10000.0;414.0
-1;69100;RAINFOREST_RESIN;9998;9;9996;1;9995;30;10004;1;10005;30;;;10001.0;414.0
-1;69100;KELP;2015;30;;;;;2018;31;;;;;2016.5;-132.96875
-1;69200;RAINFOREST_RESIN;9996;2;9995;28;;;10004;2;10005;28;;;10000.0;414.0
-1;69200;KELP;2017;3;2015;30;;;2018;30;;;;;2017.5;-134.78125
-1;69300;KELP;2017;1;2015;21;;;2018;21;;;;;2017.5;-135.265625
-1;69300;RAINFOREST_RESIN;9995;21;;;;;9998;1;10005;21;;;9996.5;414.0
-1;69400;KELP;2015;26;;;;;2018;26;;;;;2016.5;-133.53125
-1;69400;RAINFOREST_RESIN;10002;1;9998;2;9996;1;10004;1;10005;25;;;10003.0;416.0
-1;69500;RAINFOREST_RESIN;9998;1;9996;2;9995;24;10004;2;10005;24;;;10001.0;418.0
-1;69500;KELP;2015;32;;;;;2018;26;;;;;2016.5;-131.8359375
-1;69600;RAINFOREST_RESIN;9995;23;;;;;10005;23;;;;;10000.0;418.0
-1;69600;KELP;2015;22;;;;;2018;23;;;;;2016.5;-132.28125
-1;69700;KELP;2015;21;;;;;2018;21;;;;;2016.5;-132.2421875
-1;69700;RAINFOREST_RESIN;10002;1;9996;1;9995;20;10004;1;10005;20;;;10003.0;418.0
-1;69800;KELP;2015;24;;;;;2018;24;;;;;2016.5;-121.0703125
-1;69800;RAINFOREST_RESIN;9996;1;9995;23;;;10004;1;10005;23;;;10000.0;420.0
-1;69900;RAINFOREST_RESIN;9996;2;9995;27;;;10004;2;10005;27;;;10000.0;420.0
-1;69900;KELP;2015;29;;;;;2018;29;;;;;2016.5;-122.453125
-1;70000;RAINFOREST_RESIN;9996;2;9995;27;;;10004;2;10005;27;;;10000.0;420.0
-1;70000;KELP;2015;29;;;;;2018;29;;;;;2016.5;-128.21875
-1;70100;KELP;2015;23;;;;;2018;2;2019;22;;;2016.5;-114.140625
-1;70100;RAINFOREST_RESIN;9996;2;9995;22;;;10004;2;10005;22;;;10000.0;420.0
-1;70200;KELP;2015;22;;;;;2018;22;;;;;2016.5;-122.7578125
-1;70200;RAINFOREST_RESIN;9996;1;9995;21;;;10004;1;10005;21;;;10000.0;420.0
-1;70300;RAINFOREST_RESIN;9996;1;9995;25;;;9998;2;10004;1;10005;25;9997.0;420.0
-1;70300;KELP;2015;26;;;;;2018;26;;;;;2016.5;-134.3046875
-1;70400;RAINFOREST_RESIN;9995;26;;;;;10005;26;;;;;10000.0;424.0
-1;70400;KELP;2015;26;;;;;2017;6;2018;26;;;2016.0;-141.1640625
-1;70500;KELP;2015;23;;;;;2016;3;2017;3;2018;23;2015.5;-132.3671875
-1;70500;RAINFOREST_RESIN;9995;23;;;;;10000;3;10005;23;;;9997.5;424.0
-1;70600;RAINFOREST_RESIN;9996;1;9995;27;;;10004;1;10005;27;;;10000.0;424.0
-1;70600;KELP;2015;34;;;;;2018;28;;;;;2016.5;-115.90625
-1;70700;KELP;2015;26;;;;;2018;26;;;;;2016.5;-134.2421875
-1;70700;RAINFOREST_RESIN;9995;26;;;;;10005;26;;;;;10000.0;424.0
-1;70800;RAINFOREST_RESIN;10002;1;9995;27;;;10005;27;;;;;10003.5;424.0
-1;70800;KELP;2015;26;;;;;2018;27;;;;;2016.5;-127.828125
-1;70900;KELP;2015;32;;;;;2018;32;;;;;2016.5;-126.859375
-1;70900;RAINFOREST_RESIN;9996;2;9995;30;;;10004;2;10005;30;;;10000.0;426.0
-1;71000;RAINFOREST_RESIN;9996;1;9995;29;;;10002;5;10004;1;10005;29;9999.0;426.0
-1;71000;KELP;2015;30;;;;;2018;30;;;;;2016.5;-128.75
-1;71100;KELP;2015;22;;;;;2018;22;;;;;2016.5;-127.390625
-1;71100;RAINFOREST_RESIN;9998;9;9996;1;9995;21;10004;1;10005;21;;;10001.0;426.0
-1;71200;RAINFOREST_RESIN;10002;1;9996;1;9995;28;10004;1;10005;28;;;10003.0;426.0
-1;71200;KELP;2015;28;;;;;2018;29;;;;;2016.5;-128.8828125
-1;71300;KELP;2015;28;;;;;2017;4;2018;28;;;2016.0;-136.5625
-1;71300;RAINFOREST_RESIN;9996;2;9995;26;;;10002;4;10004;2;10005;26;9999.0;428.0
-1;71400;RAINFOREST_RESIN;9996;2;9995;24;;;10002;3;10004;2;10005;24;9999.0;428.0
-1;71400;KELP;2015;26;;;;;2018;26;;;;;2016.5;-138.9921875
-1;71500;KELP;2015;25;;;;;2018;28;;;;;2016.5;-123.9765625
-1;71500;RAINFOREST_RESIN;10002;1;9996;2;9995;26;10004;2;10005;26;;;10003.0;428.0
-1;71600;RAINFOREST_RESIN;9996;1;9995;27;;;9998;3;10004;1;10005;27;9997.0;430.0
-1;71600;KELP;2014;28;;;;;2018;28;;;;;2016.0;-150.8203125
-1;71700;KELP;2014;31;;;;;2016;4;2018;31;;;2015.0;-149.875
-1;71700;RAINFOREST_RESIN;9996;2;9995;29;;;10004;2;10005;29;;;10000.0;436.0
-1;71800;RAINFOREST_RESIN;10002;1;9996;2;9995;25;10004;2;10005;25;;;10003.0;436.0
-1;71800;KELP;2014;27;;;;;2018;27;;;;;2016.0;-149.4375
-1;71900;KELP;2014;26;;;;;2018;26;;;;;2016.0;-155.640625
-1;71900;RAINFOREST_RESIN;10002;1;9996;1;9995;25;10004;1;10005;25;;;10003.0;438.0
-1;72000;RAINFOREST_RESIN;9996;1;9995;20;;;10004;1;10005;20;;;10000.0;440.0
-1;72000;KELP;2015;21;;;;;2017;6;2018;21;;;2016.0;-128.9609375
-1;72100;KELP;2014;21;;;;;2016;5;2018;21;;;2015.0;-148.1015625
-1;72100;RAINFOREST_RESIN;9995;21;;;;;10005;21;;;;;10000.0;440.0
-1;72200;RAINFOREST_RESIN;9996;2;9995;29;;;10004;2;10005;29;;;10000.0;440.0
-1;72200;KELP;2016;3;2014;31;;;2018;31;;;;;2017.0;-155.359375
-1;72300;KELP;2014;23;;;;;2018;23;;;;;2016.0;-147.234375
-1;72300;RAINFOREST_RESIN;9996;1;9995;22;;;10002;8;10004;1;10005;22;9999.0;440.0
-1;72400;RAINFOREST_RESIN;10002;1;9996;2;9995;20;10004;2;10005;20;;;10003.0;440.0
-1;72400;KELP;2014;22;;;;;2016;6;2018;22;;;2015.0;-153.15625
-1;72500;KELP;2014;34;;;;;2017;27;;;;;2015.5;-168.3828125
-1;72500;RAINFOREST_RESIN;9996;2;9995;25;;;10004;2;10005;25;;;10000.0;442.0
-1;72600;RAINFOREST_RESIN;9996;2;9995;27;;;10004;2;10005;27;;;10000.0;442.0
-1;72600;KELP;2014;35;;;;;2015;4;2017;29;;;2014.5;-163.0625
-1;72700;KELP;2014;23;;;;;2017;23;;;;;2015.5;-164.7421875
-1;72700;RAINFOREST_RESIN;9995;23;;;;;10005;23;;;;;10000.0;442.0
-1;72800;RAINFOREST_RESIN;9995;20;;;;;10005;20;;;;;10000.0;442.0
-1;72800;KELP;2014;20;;;;;2017;20;;;;;2015.5;-163.25
-1;72900;KELP;2014;24;;;;;2017;24;;;;;2015.5;-165.078125
-1;72900;RAINFOREST_RESIN;9998;1;9996;2;9995;22;10004;2;10005;22;;;10001.0;442.0
-1;73000;RAINFOREST_RESIN;9996;1;9995;21;;;10002;7;10004;1;10005;21;9999.0;442.0
-1;73000;KELP;2014;21;;;;;2016;2;2017;22;;;2015.0;-164.7734375
-1;73100;KELP;2014;31;;;;;2017;31;;;;;2015.5;-173.1171875
-1;73100;RAINFOREST_RESIN;9996;2;9995;29;;;10002;3;10004;2;10005;29;9999.0;442.0
-1;73200;KELP;2014;21;;;;;2017;21;;;;;2015.5;-178.84375
-1;73200;RAINFOREST_RESIN;9995;21;;;;;10005;21;;;;;10000.0;442.0
-1;73300;RAINFOREST_RESIN;9996;1;9995;29;;;10004;1;10005;29;;;10000.0;442.0
-1;73300;KELP;2014;30;;;;;2017;30;;;;;2015.5;-184.4296875
-1;73400;RAINFOREST_RESIN;9995;30;;;;;9998;1;10005;30;;;9996.5;442.0
-1;73400;KELP;2014;30;;;;;2016;4;2017;30;;;2015.0;-179.8984375
-1;73500;KELP;2014;25;;;;;2017;25;;;;;2015.5;-176.3671875
-1;73500;RAINFOREST_RESIN;9996;2;9995;23;;;10004;2;10005;23;;;10000.0;444.0
-1;73600;KELP;2014;25;;;;;2017;25;;;;;2015.5;-175.3359375
-1;73600;RAINFOREST_RESIN;9996;1;9995;24;;;10004;1;10005;24;;;10000.0;444.0
-1;73700;RAINFOREST_RESIN;9995;24;;;;;10005;24;;;;;10000.0;444.0
-1;73700;KELP;2014;24;;;;;2017;24;;;;;2015.5;-160.0625
-1;73800;RAINFOREST_RESIN;9995;24;;;;;10005;24;;;;;10000.0;444.0
-1;73800;KELP;2014;24;;;;;2016;5;2018;24;;;2015.0;-143.890625
-1;73900;KELP;2015;27;;;;;2018;30;;;;;2016.5;-113.390625
-1;73900;RAINFOREST_RESIN;9995;30;;;;;10005;30;;;;;10000.0;444.0
-1;74000;KELP;2015;26;;;;;2017;3;2018;26;;;2016.0;-131.5
-1;74000;RAINFOREST_RESIN;10002;1;9998;10;9996;2;10004;2;10005;24;;;10003.0;444.0
-1;74100;RAINFOREST_RESIN;10000;6;9996;2;9995;30;10004;2;10005;30;;;10002.0;446.0
-1;74100;KELP;2016;6;2015;32;;;2018;32;;;;;2017.0;-131.109375
-1;74200;RAINFOREST_RESIN;9996;2;9995;20;;;10002;6;10004;2;10005;20;9999.0;446.0
-1;74200;KELP;2015;22;;;;;2018;22;;;;;2016.5;-127.84375
-1;74300;KELP;2015;5;2014;32;;;2018;32;;;;;2016.5;-150.0859375
-1;74300;RAINFOREST_RESIN;9996;2;9995;30;;;10002;6;10004;2;10005;30;9999.0;446.0
-1;74400;KELP;2015;30;;;;;2018;30;;;;;2016.5;-128.1796875
-1;74400;RAINFOREST_RESIN;9995;30;;;;;10005;30;;;;;10000.0;446.0
-1;74500;RAINFOREST_RESIN;10000;3;9995;29;;;10005;29;;;;;10002.5;446.0
-1;74500;KELP;2016;3;2014;29;;;2018;29;;;;;2017.0;-137.78125
-1;74600;RAINFOREST_RESIN;10002;1;9998;7;9995;29;10005;29;;;;;10003.5;446.0
-1;74600;KELP;2014;29;;;;;2018;29;;;;;2016.0;-140.390625
-1;74700;KELP;2014;32;;;;;2018;32;;;;;2016.0;-146.6484375
-1;74700;RAINFOREST_RESIN;9996;2;9995;30;;;10004;2;10005;30;;;10000.0;448.0
-1;74800;KELP;2014;26;;;;;2018;26;;;;;2016.0;-143.6640625
-1;74800;RAINFOREST_RESIN;9998;9;9996;1;9995;25;10004;1;10005;25;;;10001.0;448.0
-1;74900;RAINFOREST_RESIN;10002;1;9996;1;9995;30;10004;1;10005;30;;;10003.0;448.0
-1;74900;KELP;2015;31;;;;;2018;31;;;;;2016.5;-135.6640625
-1;75000;RAINFOREST_RESIN;9995;27;;;;;9998;1;10005;27;;;9996.5;448.0
-1;75000;KELP;2016;1;2014;27;;;2017;27;;;;;2016.5;-163.640625
-1;75100;KELP;2014;30;;;;;2017;30;;;;;2015.5;-158.25
